3126 4264
83 3791 91 3822 ῃ
116 3843 120 3846 ᾖ
161 3788 253 3835 fetu
270 3790 323 3827 οι»

218 304 289 351 [25.
305 304 390 341 Deo.
406 304 496 341 1027
506 323 551 331 —
559 303 620 350 34]

399 421 580 459 Instituta
609 421 724 459 Onuti

168 485 392 526 testimonio
448 487 519 525 aut
573 483 790 525 iurasset²
847 495 951 524 cum

167 544 375 596 periuris²
405 547 476 584 aut
517 543 664 584 fuisset
697 543 854 584 socius⁸
882 546 951 583 aut

167 603 351 644 conscius
410 601 667 652 latrocinii⁴,
734 602 952 654 deponatur

167 664 192 702 a
222 662 497 703 communione
532 665 573 702 et
607 663 632 701 a
668 661 854 702 societate
889 673 951 701 or-

167 721 392 762 dinatorum
436 724 477 762 et
521 723 651 761 careat
690 720 952 760 liberalitate⁵

166 792 346 831 eorum,
367 779 494 830 qnod⁶
505 781 622 827 Angli
639 783 782 820 nocant
802 781 949 834 Degen-

165 839 300 890 scipe⁷‚
342 840 422 880 nisi
459 839 704 891 profundius
734 839 950 879 satisfaciat

164 899 250 939 Deo
279 902 320 939 et
354 899 578 939 hominibus
609 898 828 938 secundum
858 911 950 950 pre-

165 963 325 1010 ceptum
350 957 551 1010 episcopi8
571 957 652 1007 sui,
682 961 723 997 et
743 957 950 998 fideiusso-

165 1029 230 1058 res
260 1017 454 1066 inueniat,
485 1017 592 1069 quod
621 1017 670 1056 ab
701 1029 746 1057 eo
770 1022 950 1069 tempore

164 1077 338 1128 amplius
394 1076 564 1117 cessabit
620 1077 669 1116 ab
730 1076 950 1116 eiusmodi⁹

163 1136 399 1188 operibus.

224 1194 374 1245 Quodsi
395 1194 648 1246 negauerit
668 1199 716 1235 et
736 1194 950 1246 purgarelo

165 1256 217 1295 se·
239 1254 428 1304 uoluerit,
463 1254 684 1294 secundum
715 1254 835 1306 culpe
866 1267 950 1294 mo-

163 1314 261 1353 dum
291 1318 332 1354 et
361 1314 623 1366 quantitatem
654 1315 697 1354 se
728 1318 882 1365 purget.

222 1444 308 1484 Hoc
328 1445 447 1484 etiam
469 1445 698 1495 statuimus,
729 1449 775 1485 ut
800 1457 949 1485 unus-

163 1516 189 1556 q
197 1504 244 1543 ui
252 1516 272 1543 s
279 1516 368 1556 que
378 1504 424 1554 ¹1,
446 1505 732 1556 cuiuscumque
742 1504 779 1530 ²²
798 1505 949 1544 ordinis

162 1563 290 1603 aut¹⁸
326 1575 472 1603 sexus
509 1564 632 1614 situ,
677 1568 810 1604 seruet
845 1564 948 1603 ordi·

163 1635 253 1663 nem
285 1622 455 1663 suum.1⁵

222 1741 275 1782 Et
307 1742 500 1793 precipue
534 1742 621 1781 hoc
650 1741 948 1793 precipimus
1006 1774 1008 1777 ,

163 1801 292 1841 seruis
311 1804 358 1840 et
376 1801 574 1840 ancillis
595 1801 686 1851 Dei,
705 1801 949 1842 ‘uidelicet

162 1860 378 1912 episcopis,
409 1861 632 1910 abbatibus,
664 1861 946 1910 abbatissis,

161 1919 385 1970 monachis,
423 1919 802 1969 sanctimonialibus,
833 1932 947 1960 cano-

161 1979 281 2029 nicis,
330 1976 650 2030 presbyteris,
698 1980 857 2028 nonnis,
901 1982 947 2019 ut

161 2039 397 2089 regulariter
424 2036 566 2078 uiuant
595 2038 790 2091 (Βίοιιι16
819 2039 946 2078 dixi-

161 2098 284 2149 mus)
325 2098 542 2138 secundum
587 2099 765 2138 ordinem
810 2099 946 2138 unius-

161 2157 367 2209 cuiusque,

221 2217 439 2257 castitatem
472 2221 651 2267 seruent,
682 2218 731 2257 ab
751 2217 810 2257 ira
820 2217 856 2243 1⁷
871 2217 946 2257 Dei

163 2275 239 2315 sibi
259 2280 427 2316 caueant
447 2281 488 2316 et
509 2279 606 2316 alios
626 2279 791 2316 uiuendo
807 2281 847 2316 ct
863 2290 945 2316 mo-

157 2337 286 2374 nendo
310 2338 523 2385 castigent,
554 2340 600 2376 ut
624 2348 667 2376 se
691 2338 740 2376 ab
759 2337 946 2391 infernali

161 2395 346 2435 incendio
376 2395 611 2435 custodiant.

221 2631 380 2683 Optime
429 2633 554 2672 enim
604 2633 795 2673 norunt¹⁸
844 2633 946 2685 epi-

162 2691 295 2743 scopi
325 2695 372 2732 et
402 2693 554 2743 ceteri
586 2693 795 2742 ordines,
828 2705 945 2744 quos

162 2762 308 2802 supra
328 2751 631 2791 memoraui1⁹
649 2752 945 2806 (nominaui),

161 2810 268 2862 quod
303 2810 385 2850 illis
421 2811 532 2851 nullo
569 2812 686 2852 modo
716 2812 810 2851 licet
840 2824 945 2852 com-

160 2869 389 2910 munionem
399 2869 435 2896 ²⁰
452 2871 676 2911 mulierum
697 2871 840 2912 habere
860 2884 946 2911 nec

160 2940 253 2969 cum
282 2929 389 2969 illis
419 2930 534 2970 coire.

1221 303 1240 339 1
1265 303 1391 340 cunr
1421 305 1492 347 5‚4
1518 304 1570 340 bis
1595 305 1629 349 6,
1645 291 1689 340 2.·

1270 421 1494 458 Con-vitiatio
1526 423 1641 458 C'nuti

1058 484 1154 524 furti
1173 485 1415 524 conscientia
1434 485 1687 525 conuictus
1708 486 1841 534 fuerit,

1057 543 1106 582 ab
1137 543 1403 583 ordinatorum
1434 545 1628 584 consortio
1653 545 1842 596 degrade-

1057 606 1138 652 tur,
1169 607 1380 654 careatque
1412 606 1494 643 tam
1515 603 1702 644 societate
1723 617 1842 656 quam

1057 661 1230 701 amicitia
1266 662 1531 714 uniuersoque
1563 663 1726 712 honore,
1763 663 1842 703 nisi

1057 733 1151 772 erga
1171 721 1299 760 Deum
1330 726 1371 761 et
1396 734 1490 772 erga
1510 723 1688 762 homines
1709 734 1841 763 emen-

1058 780 1230 829 dauerit,
1270 780 1488 820 secundum
1522 782 1628 833 quod
1659 782 1842 834 episcopo

1057 839 1190 879 uisum
1221 840 1357 890 fuerit,
1394 841 1762 893 fideiussoremque,
1799 853 1843 882 se

1057 898 1100 938 in
1142 903 1345 950 posterum
1381 913 1404 939 a
1441 900 1511 939 tali
1547 901 1747 941 crimine
1783 901 1842 940 in·

1057 970 1221 998 munem
1250 959 1350 1008 fore,
1382 959 1544 999 dederit.

1116 1195 1267 1244 Quodsi
1302 1197 1554 1236 innocentem
1592 1209 1634 1236 se
1677 1198 1842 1248 probare

1055 1255 1243 1303 uoluerit,
1291 1259 1437 1306 purget
1479 1267 1522 1295 se
1566 1256 1651 1296 siue
1693 1257 1841 1308 triplici

1056 1313 1142 1354 siue
1167 1314 1340 1366 simplici
1361 1316 1601 1366 purgacione
1622 1317 1841 1356 secundum

1056 1373 1287 1425 qualitatem
1315 1375 1660 1414 accusacionis.

1115 1445 1308 1484 Uolumus
1338 1445 1474 1495 etiam,
1506 1449 1552 1485 ut
1583 1447 1712 1486 omnis
1738 1447 1840 1486 ordi-

1055 1505 1118 1543 nis
1154 1504 1335 1544 homines
1372 1505 1583 1555 diligenter
1624 1506 1840 1555 attendant,

1055 1564 1225 1615 quisque
1261 1564 1310 1603 ad
1346 1564 1420 1604 hoc
1451 1565 1557 1616 quod
1588 1577 1706 1605 suum
1737 1566 1841 1605 ordi-

1054 1635 1147 1663 nem
1177 1623 1328 1663 attinet.
1786 1619 1788 1624 ’

1114 1742 1329 1782 Presertim
1344 1742 1543 1782 ministri*
1557 1743 1730 1793 Domini,
1747 1745 1840 1784 sci-

1053 1801 1171 1841 licet
1186 1802 1380 1853 episcopi,
1400 1803 1578 1852 abbates,
1599 1804 1780 1842 monachi
1801 1807 1841 1844 et

1053 1861 1244 1901 monache
1267 1862 1318 1901 ad
1347 1863 1629 1902 rectitudinem
1662 1864 1737 1902 sui
1768 1875 1839 1902 or-

1054 1920 1183 1959 dinis
1215 1933 1258 1960 se
1290 1921 1500 1961 humilient
1530 1925 1571 1961 et
1606 1922 1840 1973 regulariter

1053 1980 1221 2019 uiuantl
1258 1985 1298 2020 et
1334 1981 1398 2020 die
1434 1994 1481 2020 ac
1516 1985 1631 2021 nocte
1669 1994 1763 2033 sepe
1799 1986 1840 2022 et

1053 2040 1282 2091 frequenter
1322 2041 1511 2080 innocent
1553 2041 1756 2080 Christum
1798 2045 1839 2081 et

1052 2111 1126 2149 pro
1155 2100 1343 2139 uniuerso
1367 2101 1514 2151 populo
1536 2101 1758 2140 Christiano
1779 2101 1838 2140 di-

1053 2158 1223 2209 ligenter
1252 2159 1529 2199 interueniant.

1114 2217 1263 2257 Omnes
1310 2230 1482 2270 namque
1518 2220 1594 2258 Dei
1636 2219 1838 2259 ministros

1053 2289 1261 2329 precamur
1291 2281 1330 2317 et
1350 2291 1574 2328 monemus,
1605 2282 1646 2318 et
1666 2280 1839 2319 maxime

1054 2337 1292 2386 sacerdotes,
1344 2342 1389 2377 ut
1430 2338 1513 2378 Deo
1564 2338 1748 2378 obediant
1798 2343 1839 2378 et

1053 2396 1276 2436 castitatem
1346 2397 1532 2447 diligant,
1606 2398 1838 2449 semetipsos

1052 2459 1211 2495 tuentes
1247 2456 1296 2495 ab
1332 2456 1391 2495 ira
1421 2457 1496 2496 Dei
1535 2455 1630 2511 [et2]
1667 2458 1838 2497 feruenti

1052 2515 1236 2571 incendio
1267 2516 1372 2567 quod
1403 2516 1534 2556 feruet
1563 2517 1604 2556 in
1635 2517 1800 2557 inferno.

1113 2634 1218 2682 Satis
1255 2634 1360 2674 enim
1398 2638 1504 2675 certe
1541 2635 1688 2685 sciunt,
1733 2637 1838 2687 quod

1053 2706 1132 2733 non
1175 2694 1319 2734 debent
1360 2688 1467 2734 recte
1514 2696 1837 2735 communitatem

1052 2753 1232 2793 mulieris
1270 2754 1489 2793 secundum
1519 2755 1716 2794 carnalem
1746 2767 1837 2794 con-

1052 2814 1256 2853 uersacion
1260 2825 1344 2868 ema
1354 2814 1508 2853 habere.

1426 3023 1461 3058 D

2648 311 2733 352 ‘289

1951 495 2083 529 (laetam,
2122 496 2190 524 oder
2221 496 2372 525 Mitwisser
2403 505 2457 525 von
2493 498 2601 525 Dieben
2638 490 2734 530 oder

1950 543 2107 571 Mitwirker
2126 544 2180 578 ist,
2207 544 2283 572 dann
2306 545 2349 572 sei
2367 552 2399 572 er
2417 547 2583 572 verstossen
2602 553 2655 573 aus
2674 545 2731 573 Ge-

1950 590 2122 619 meinschalt
2140 591 2192 619 der
2209 590 2388 619 Geistlichen
2407 592 2465 619 und
2483 591 2605 620 veriiere
2624 591 2731 620 sowohl

1952 637 2058 673 [deren]
2085 638 2334 667 Genossenschaft
2358 639 2412 666 wie
2437 639 2649 667 Freundschaft
2674 639 2732 667 und

1947 685 2034 721 jeden
2053 685 2223 720 Ehrenrang
2233 678 2258 721 ¹,
2279 680 2405 714 ausser?
2424 694 2507 714 wenn
2527 694 2559 714 er
2571 688 2734 721 gegenuber

1949 732 2021 761 Gott
2039 733 2097 761 und
2116 733 2295 761 Waltlichen
2322 742 2369 761 um
2395 741 2428 761 so
2447 734 2533 761 tiefer
2552 734 2650 768 biisst,
2678 735 2732 762 wie

1952 780 2036 816 [sein]
2054 780 2174 808 Bischot
2194 780 2252 808 ihm
2271 781 2465 815 vorschreibt,
2487 782 2544 808 und
2559 781 2733 810 Biimschaft

1949 828 1996 856 nir
2013 828 2076 856 sich
2100 828 2190 856 findet
2210 827 2351 864 [dafflr],
2378 829 2445 856 dass
2469 836 2501 856 er
2525 831 2599 856 stets
2624 829 2733 856 hiniort

1949 883 2005 903 von
2025 874 2151 903 solchem
2173 875 2378 911 [Verbrechen]
2399 875 2530 904 ablassen
2550 876 2654 904 werde.

2011 1201 2048 1248 5,
2062 1200 2101 1238 4.
2163 1207 2231 1235 Und
2254 1214 2339 1235 wenn
2365 1214 2398 1235 er
2421 1207 2484 1235 sich
2506 1207 2637 1242 reimgen
2660 1207 2731 1243 will,

1949 1258 2055 1298 dann
2072 1266 2182 1301 reinige
2194 1274 2227 1294 er
2238 1266 2299 1295 sich
2311 1267 2386 1294 nach
2398 1266 2583 1295 Verhffltniss
2596 1267 2647 1295 der
2658 1261 2733 1296 'ruit

1949 1314 2096 1341 entweder
2109 1313 2200 1341 durch
2212 1313 2378 1342 dreifachen
2397 1306 2491 1346 oder
2511 1307 2636 1346 durch
2650 1307 2732 1346 ein-

1949 1354 2090 1393 faohen
2116 1361 2422 1396 Reinigungsbeweis,
2454 1362 2484 1396 je
2514 1362 2654 1390 naehdem
2685 1363 2732 1390 die

1948 1408 2024 1436 'that
2042 1410 2090 1438 ist.

2012 1450 2048 1488 6.
2089 1448 2181 1484 Undl
2202 1449 2277 1487 wir
2298 1449 2384 1489 (der2'
2404 1456 2526 1484 Witan⁸
2539 1457 2732 1492 Verordnung

1948 1515 2005 1550 ist,
2031 1516 2098 1543 dass
2118 1516 2160 1543 sie
2179 1515 2220 1549 D)
2246 1509 2480 1557 Wfinschen,
2500 1517 2568 1544 dass
2587 1517 2633 1544 die
2651 1517 2730 1545 Men-

1947 1574 2038 1603 sohon
2053 1575 2136 1609 jedes
2155 1567 2313 1609 stamas-⁹³,
2336 1575 2420 1610 jeder
2437 1576 2488 1603 der
2506 1575 2729 1612 Rechtspflicht‚

1947 1622 1996 1650 die
2014 1622 2072 1650 ihm
2090 1622 2230 1658 gebiihrt,
2251 1622 2314 1650 sich
2332 1622 2420 1657 willig
2436 1624 2640 1659 nutet-werten,

2010 1747 2078 1785 6α.
2123 1754 2183 1781 und
2200 1762 2253 1781 vor
2271 1753 2348 1782 allen
2366 1754 2480 1789 Dingen
2499 1754 2591 1782 sollen
2610 1754 2731 1782 Gottes-

1947 1801 2047 1829 diener
2071 1817 2104 1820 -—
2131 1801 2267 1829 Bischofe
2300 1801 2361 1829 und
2390 1795 2482 1835 Abte,
2520 1802 2641 1830 Monche
2671 1802 2731 1830 und

1946 1849 2155 1883 Mouchinnen,
2183 1848 2451 1883 Stiftsgeistliche*
2469 1850 2528 1877 und
2552 1849 2677 1877 Nonnen
2696 1866 2730 1870 —

1946 1897 1998 1924 der
2014 1896 2228 1932 Rechtspflicht
2246 1896 2309 1924 sich
2317 1897 2350 1913 ⁸‘
2364 1897 2559 1925 anter-werten
2578 1897 2638 1925 und
2655 1898 2730 1925 nach

1948 1944 2161 1980 [kanonischer]
2180 1944 2273 1979 Regel
2291 1944 2377 1972 leben
2412 1937 2495 1975 und
2531 1937 2594 1976 bei
2625 1937 2730 1989 Tage

1945 1996 2030 2034 und
2041 1995 2172 2035 Nacht
2190 1996 2247 2035 oft
2265 1996 2345 2034 und
2366 1997 2494 2046 emsig
2510 2009 2558 2035 zu
2573 1996 2729 2036 Christo

1945 2055 2061 2094 rufen
2079 2063 2139 2091 und
2156 2063 2240 2099 eifrig
2262 2064 2309 2091 stit
2326 2063 2398 2091 alles
2417 2056 2639 2092 cmistenvolkl
2652 2064 2728 2092 Fur-

1945 2111 2019 2139 bitte
2037 2111 2122 2139 thun.

2008 2223 2044 2271 6,
2063 2222 2098 2261 1.
2160 2230 2228 2258 Und
2251 2230 2308 2258 alle
2328 2230 2532 2259 Gottesdiener
2550 2231 2643 2259 bitten
2669 2232 2727 2259 und

1946 2278 2055 2305 weisen
2073 2278 2126 2305 wir
2144 2286 2197 2313 an,
2217 2278 2277 2306 und
2295 2286 2348 2306 vor
2366 2278 2442 2306 allen
2461 2278 2575 2312 Dingen
2587 2279 2726 2314 Priester‚

1946 2325 2013 2353 dass
2031 2325 2075 2352 sie
2087 2325 2158 2353 Gott
2169 2326 2334 2360 gehorchen
2352 2326 2412 2353 nnd
2424 2326 2602 2354 Keuschheit
2614 2327 2727 2362 pflegen

1944 2373 2005 2400 und
2023 2373 2086 2400 sich
2104 2373 2195 2401 selbst
2213 2382 2266 2401 vor
2284 2373 2389 2401 Gottes
2407 2374 2500 2401 Zome
2517 2374 2609 2401 hiiten
2624 2365 2727 2404 undl

1946 2437 2016 2464 vor
2059 2423 2150 2463 dem
2195 2425 2420 2464 wallenden
2463 2425 2605 2475 Feuer,
2656 2425 2726 2464 das

1945 2484 2058 2523 wallt
2087 2484 2129 2522 in
2160 2484 2230 2523 der
2259 2484 2387 2524 Helle.

2007 2639 2044 2686 6,
2061 2639 2098 2677 2.
2149 2645 2244 2674 Recht
2261 2654 2356 2681 genau
2374 2647 2479 2674 wissen
2498 2647 2540 2674 sie
2559 2638 2649 2691 (wir
2661 2638 2726 2689 D),

1945 2693 2011 2721 dass
2030 2694 2073 2721 sie
2091 2701 2149 2721 von
2162 2693 2272 2721 Rechts
2291 2701 2392 2728 wegen
2411 2694 2498 2721 keine
2512 2694 2728 2722 Gemeinschaft

1944 2741 1997 2769 mit
2021 2741 2101 2769 einer
2119 2741 2197 2769 Fran
2221 2741 2311 2769 durch
2330 2741 2479 2769 Beischlaf
2498 2742 2592 2770 haben
2611 2742 2725 2770 diirfen.

222 3081 279 3137 [6,
296 3081 336 3137 1]
369 3084 460 3123 And
490 3084 591 3124 ealle
623 3084 753 3125 Godes
783 3086 943 3136 peowas
973 3097 1037 3125 we
1066 3082 1209 3125 hidda&
1245 3096 1267 3136 7
1300 3082 1420 3126 Iaera&
1456 3097 1477 3136 7
1511 3087 1740 3138 hurupinga
1771 3089 1970 3137 sacerdas,
2006 3085 2061 3138 7†
2092 3089 2135 3127 hi
2166 3088 2276 3128 Gode
2306 3068 2420 3128 hiran
2455 3100 2476 3138 7
2504 3090 2723 3129 claennesse

161 3143 285 3183 lufian
319 3153 341 3193 7
374 3143 547 3194 beorgan
578 3143 662 3183 him
692 3144 832 3184 silfum
861 3141 941 3184 wic
974 3144 1105 3185 Godes
1136 3146 1213 3185 irre
1248 3155 1269 3195 7
1303 3142 1382 3184 wib
1414 3142 1515 3186 &one
1545 3146 1792 3186 weallendan
1823 3148 1965 3198 bryne,
1996 3149 2048 3199 be
2079 3144 2245 3188 weaueo
2277 3161 2329 3188 on
2359 3149 2474 3188 helle.

222 3211 278 3268 [6,
294 3212 335 3268 2]
368 3213 586 3265 Fulgeorne
615 3227 674 3255 we
704 3215 843 3266 witan,
874 3217 951 3267 paet
981 3216 1024 3256 hi
1054 3229 1184 3267 nagan
1213 3217 1298 3256 mid
1327 3217 1431 3257 rihte
1460 3218 1566 3269 burh
1596 3218 1870 3270 haemedpingc
1900 3220 2015 3259 wifes
2046 3222 2249 3270 gemanan.

161 3463 165 3497 Ῑ
258 3460 294 3503 1)
318 3459 456 3495 iurasse
482 3470 511 3495 c.
526 3471 559 3506 p.
573 3470 604 3495 a.
618 3459 732 3496 fuisse
749 3460 862 3503 HDi‚·
888 3461 943 3496 in-

161 3507 293 3543 trasset
314 3506 408 3543 LhS

2350 3228 2385 3262 ψ)
2405 3227 2507 3256 besson
2526 3229 2582 3264 paet

1153 3462 1184 3506 *)
1209 3462 1394 3498 xwische‘n
1419 3463 1511 3498 VIII
1524 3463 1605 3498 Atr.
1621 3464 1667 3499 34
1691 3464 1770 3499 und
1793 3465 1838 3500 43
1863 3466 1906 3509 (ε.
1921 3476 1951 3499 ο.
1969 3465 2006 3500 S.
2021 3465 2088 3500 267
2103 3464 2146 3509 f.)
2172 3468 2263 3500 setxt
2286 3465 2389 3500 Cons.
2410 3465 2619 3500 noclzmals:
2646 3465 2720 3500 Illi

1051 3511 1194 3545 autem
1219 3510 1410 3546 ordinati
1435 3511 1616 3555 faciant,
1649 3513 1696 3546 ut
1727 3511 1811 3547 sibi
1836 3513 2132 3547 necessarium
2158 3516 2239 3547 est:
2273 3513 2327 3547 die
2353 3519 2530 3558 noctuque
2555 3513 2721 3547 innocent

1051 3557 1231 3593 Christum
1248 3568 1331 3603 sepe
1348 3559 1384 3593 et
1399 3558 1620 3603 frequenter,
1647 3563 1683 3594 et
1699 3569 1763 3604 pro
1781 3562 1907 3595 cuncto
1922 3559 2120 3595 Christiano
2138 3559 2266 3605 populo
2284 3559 2504 3595 intercedant
2522 3559 2718 3605 diligenter.

482 3507 518 3550 2)
537 3507 616 3543 -riis
645 3507 677 3542 T
747 3508 784 3552 3)
809 3509 945 3558 sopitus

162 3555 224 3590 aut
248 3554 366 3590 sciens
391 3554 612 3590 latrocinium
629 3553 721 3590 LbS
790 3556 827 3599 4)
849 3555 942 3591 verb.

161 3611 233 3637 σω
250 3601 391 3638 latronii
404 3602 448 3637 H
464 3602 745 3647 [urspmznqlieh
761 3602 944 3638 vielleicht
1148 3606 1182 3648 1)
1207 3605 1332 3640 uiuent
1357 3605 1414 3640 Ην
1505 3605 1540 3649 2)
1564 3605 1654 3650 fehlt

71 3646 90 3686 ἶ
161 3646 315 3695 latronu]
363 3650 400 3693 5)
413 3648 576 3685 libertate
589 3649 680 3685 C'bT
721 3650 758 3692 6)
772 3660 878 3695 quam
891 3650 943 3686 01>

101 3734 104 3739 ⁴
163 3695 446 3742 7)·theg.HDi,·
471 3697 685 3743 teiugessipe
702 3696 755 3732 Lb
826 3697 864 3742 8)
889 3697 944 3732 sui
969 3709 1023 3744 ep.
1044 3698 1155 3734 ObLb
1227 3699 1264 3743 9)
1289 3699 1490 3735 huiusmodi
1506 3700 1578 3741 Lb;
1605 3700 1672 3735 hiis
1692 3700 1722 3736 S

163 3742 223 3788 13)
246 3743 307 3779 uel
323 3743 396 3786 Lb,·
421 3744 468 3780 sit
485 3746 547 3780 aut
564 3744 805 3780 cuiuslibet
828 3754 954 3790 sexus,
979 3755 1048 3781 ser.
1067 3745 1118 3782 Cb
1193 3747 1251 3790 14)
1277 3749 1338 3782 aut
1352 3746 1434 3791 βᾶθι
1450 3758 1501 3782 zu
1517 3747 1570 3782 Lb

398 3792 457 3837 17)
482 3791 525 3828 n.
540 3792 562 3827 i.
583 3791 634 3828 Ob

708 3791 767 3835 18)
793 3794 982 3828 monentur
1010 3793 1041 3828 T

1108 3793 1166 3838 19)
1192 3805 1258 3828 vor
1280 3794 1346 3829 der
1369 3793 1565 3829 Klammer
1596 3794 1664 3836 Clu
1692 3795 2028 3840 einqeklammertes
2054 3796 2180 3841 ilbriye

1794 3701 1851 3745 10)
1878 3712 1916 3737 se
1933 3713 1991 3746 pu.
2006 3701 2059 3736 Lb

1646 3749 1704 3792 15)
1729 3750 1804 3783 aut
1820 3749 2084 3794 degradetur
2104 3748 2186 3793 fe'c'qt
2202 3760 2253 3783 zu
2269 3748 2360 3783 LbS

2134 3703 2192 3744 11)
2211 3712 2265 3736 cu.
2281 3713 2314 3735 u.
2329 3701 2383 3735 Di
2456 3701 2513 3743 12)
2531 3700 2645 3746 cui’q;
2669 3701 2719 3736 Cb

2432 3749 2490 3789 16)
2516 3748 2717 3794 s.d.[vyl.6]

2252 3795 2312 3840 20)
2339 3796 2392 3830 ha.
2412 3806 2462 3830 co.
2482 3806 2548 3830 ma.
2573 3795 2623 3831 Cb

2434 3866 2505 3901 37*

2836 1207 2891 1242 Καὶ.

2762 1248 2968 1285 VIIIAtr.27,1

2755 1457 2784 1490 (ι
2796 1457 2901 1485 macr.
2909 1457 2939 1491 2)

2760 1516 2818 1551 V91.
2834 1516 2921 1544 VAtr.
2933 1517 2951 1544 4

2754 1752 2812 1780 ebd.
2827 1754 2854 1787 4,
2870 1755 2885 1781 1

2754 1848 2773 1864 ¹
2781 1848 2885 1876 ιἾΑιν.
2900 1849 2928 1880 2.
2938 1849 2956 1876 2

2757 1896 2790 1911 ⁸·
2799 1896 2823 1922 V
2837 1897 2864 1930 4,
2881 1897 2895 1923 1

2758 2228 2815 2263 qu.
2830 2228 2937 2257 intr.
2950 2228 2968 2256 5

2757 2645 2816 2678 Val-
2830 2644 2919 2673 VAtr.
2934 2645 2951 2673 9
