3126 4264
0 531 22 943 *WUW
4 487 11 497 r
0 424 2 433 ⁴

79 3498 100 3547 s
161 3519 263 3558 Ησι»

202 283 272 331 [2⁶.
286 283 375 320 Deo.
390 282 480 320 1027
489 283 600 330 -341

382 401 564 437 Instituta
592 400 708 438 Onuti

214 464 257 505 Si
286 466 446 503 autem
472 463 660 504 diaconus
686 463 755 515 qui
781 462 935 514 regula-

154 523 250 564 riter
279 522 382 562 uiuit
411 522 676 563 calumniatur
704 521 848 574 simpla
867 534 936 573 ap-

155 581 384 634 pellatione,
426 581 598 634 acceptis
640 581 794 621 duobus
836 580 936 621 dia-

155 641 357 682 conibus
387 653 566 690 secum,
595 644 741 692 purget
771 652 824 681 se.

214 700 266 740 Et
301 700 335 740 si
371 704 471 740 tres
507 699 704 751 calumnie
735 700 935 749 fuerint,

153 756 356 800 as'sumat1
386 758 446 799 VI
482 771 640 800 secum
682 762 724 799 et
758 759 846 811 ipse
882 759 936 799 sit

154 819 351 870 septimus
377 819 467 871 (sex
491 830 627 858 secum
653 818 935 858 diaconibus

153 878 343 930 acceptis,
373 878 442 918 ita
471 889 514 918 se
544 876 713 930 purget).

214 937 258 978 Si
287 935 491 988 uulgaris1
512 934 747 991 (popularis)
767 937 935 988 presby-

155 1000 216 1037 ter
243 996 510 1037 calumniatur
518 997 546 1046 ²,
577 995 646 1048 qui
676 1008 756 1036 non
781 997 934 1046 regula-

153 1055 250 1096 riter
282 1055 404 1105 uiuit,
442 1054 640 1107 simpla1
670 1055 935 1107 appellatione

155 1114 232 1167 (de
252 1113 588 1167 supradictis),
609 1119 753 1166 purget
773 1127 817 1155 se
832 1115 937 1155 sicut

153 1173 371 1215 diaconus*
401 1173 470 1226 qui
500 1173 734 1225 regulariter
761 1174 875 1214 uiuit.

213 1232 257 1274 Si
287 1235 439 1273 aduena
467 1233 564 1273 nutss
583 1236 808 1282 peregrinus
833 1234 935 1274 ordi-

154 1296 274 1332 natus
294 1292 558 1332 calumniatur
586 1292 637 1332 de
666 1293 757 1332 iam
786 1294 935 1334 nomi·

153 1352 283 1392 natis
301 1352 548 1402 criminibus,
570 1352 665 1403 qui⁴
676 1353 937 1393 adiutorium1

155 1411 308 1465 (aliud
325 1410 538 1464 auxilium)
556 1424 637 1451 non
654 1412 790 1460 habet,
811 1417 875 1452 eat
886 1413 937 1452 ad

153 1482 297 1522 panem
317 1471 586 1521 benedictum,
607 1483 743 1523 quem
763 1471 939 1523 Angli⁵

154 1530 344 1570 corsnade
373 1534 564 1581 uocant,
594 1535 635 1571 et
660 1531 715 1570 ibi
734 1531 937 1572 inueniet⁶

155 1588 287 1641 quod⁷
317 1589 401 1629 Deo
431 1590 633 1642 placuerit.

215 1767 257 1808 Si
300 1767 391 1820 quis
433 1768 636 1808 ordinatus
672 1769 938 1808 &alumniam

155 1826 206 1866 de
251 1827 480 1877 homicidio,
529 1828 635 1879 quod
682 1828 854 1868 fuisset8
894 1828 937 1867 in

154 1885 286 1926 facto⁹
314 1890 386 1925 aut
419 1887 463 1926 in
500 1887 681 1937 consilio,
718 1892 862 1939 purget
894 1900 938 1928 se

154 1957 245 1985 cum
282 1946 513 1996 parentibus
549 1947 651 1996 suis,
694 1947 763 1999 qui
773 1947 809 1972 ¹⁰
846 1959 936 1999 pos-

155 2008 250 2044 sunt
278 2005 490 2045 emendare
500 2005 535 2031 11
564 2009 634 2045 aut
663 2007 880 2057 deportare.

216 2242 259 2282 Si
289 2255 371 2282 non
406 2244 524 2284 habet
554 2248 755 2295 parentes,
792 2248 939 2296 purget

157 2313 202 2341 se
228 2313 320 2353 cum
340 2303 458 2342 sociis
477 2303 591 2342 ue112
611 2304 775 2354 incipiat
785 2304 820 2329 1³
830 2304 938 2343 ieiu-

155 2373 251 2400 nare
286 2364 327 2400 et
363 2361 421 2401 sic
456 2366 520 2401 eat
555 2363 604 2401 ad
642 2375 785 2414 panem
819 2364 938 2403 bene-

156 2419 325 2470 dictum,
375 2421 432 2460 de
480 2434 571 2473 quo
619 2434 764 2474 supra
812 2423 938 2462 dixi-

156 2492 276 2530 mus,
312 2484 353 2520 et
388 2481 444 2520 ibi
479 2481 682 2521 inuenietl
718 2482 823 2534 quod
855 2483 939 2522 Deo

154 2538 346 2591 placitum
375 2539 498 2580 fuerit
527 2540 718 2594 (inueniat
741 2542 825 2581 Deo
855 2542 938 2593 pla-

155 2597 260 2648 cita).

214 2657 362 2698 Nullus
397 2659 614 2699 monachus
650 2660 938 2700 monasterialis

156 2717 273 2757 debet
313 2718 524 2758 emendare
567 2718 824 2759 homicidium
866 2732 941 2761 nec

157 2779 294 2828 petere
305 2777 341 2802 1⁴
376 2778 691 2819 emendationem
726 2779 938 2830 homicidii,

156 2837 249 2875 licet
277 2839 331 2875 sit
353 2849 494 2885 parens
517 2838 720 2878 occisorisl
748 2842 938 2887 (occiden-

156 2896 273 2943 tium)
289 2898 354 2934 uel
369 2899 504 2946 occisi,
527 2897 637 2949 quia
656 2898 725 2938 ubi
745 2897 940 2938 intrat1⁵

156 2956 498 2995 monasterium
519 2969 591 3008 pro
606 2957 777 2997 tenenda
790 2958 939 3008 regula,

155 3012 392 3065 relinquit1⁶
427 3027 479 3055 ea
521 3027 613 3068 que
655 3021 768 3056 sunt
804 3029 938 3057 secu-

155 3071 279 3112 laria
310 3104 318 3112 .
351 3103 360 3112 .
393 3104 402 3113 .
434 3074 486 3114 .¹⁷

216 3131 431 3183 Presbyter
448 3133 483 3174 si
504 3137 764 3175 calumnians
786 3141 827 3176 et
847 3149 938 3176 eon-

157 3193 286 3231 uictus
305 3195 446 3242 fuerit,
471 3196 574 3242 quod
592 3195 770 3235 stetisset
783 3195 826 3234 in
837 3195 938 3235 falso

1212 282 1231 319 1
1254 279 1382 320 cunr
1412 283 1480 328 5,1
1507 281 1560 319 bis
1583 283 1665 329 5‚3.

1255 400 1479 437 Consiliatio
1510 401 1624 437 Onuti

1103 462 1251 512 Quodsi
1295 463 1482 503 diaconus
1519 464 1712 514 regularis
1743 464 1825 504 uite

1043 522 1217 573 simplici
1237 534 1356 562 causa
1377 526 1584 563 accusatus
1606 523 1742 572 fuerit,
1763 535 1825 563 as-

1043 585 1172 622 sumat
1197 581 1297 621 duos
1319 593 1412 622 suos
1434 593 1548 633 pares
1569 585 1610 622 et
1630 594 1721 622 cum
1742 582 1825 622 illis

1042 641 1148 692 ipse
1178 641 1357 681 tertius
1388 653 1431 681 se
1461 646 1621 693 purget3
1708 687 1714 694 ,

1103 699 1138 740 si
1168 712 1262 740 uero
1293 700 1457 751 triplici,
1488 705 1665 741 assumat
1694 700 1753 740 VI
1784 705 1825 741 et

1042 759 1129 811 ipse
1160 759 1212 798 sit
1243 760 1447 810 septimus.

1101 936 1288 987 Uulgaris
1308 941 1465 977 autem
1485 939 1693 989 presbiter,
1720 938 1826 978 scili-

1043 999 1106 1036 cet
1136 996 1204 1048 qui
1234 996 1458 1047 regularem
1488 998 1614 1037 uitam
1643 1010 1721 1037 non
1754 998 1825 1037 du-

1043 1055 1114 1104 cit,
1146 1055 1180 1095 si
1211 1060 1420 1096 accusatus
1450 1057 1586 1106 fuerit,
1617 1061 1762 1108 purget
1783 1069 1826 1098 se

1043 1118 1088 1154 ut
1118 1115 1306 1155 diaconus
1337 1116 1540 1166 regularis.

1103 1233 1148 1274 Si
1176 1237 1310 1274 autem
1340 1234 1523 1274 minister
1552 1235 1687 1275 altaris
1711 1247 1826 1275 accu-

1045 1296 1154 1333 satus
1190 1293 1384 1333 adiutorio
1420 1294 1654 1334 amicorum
1686 1299 1826 1344 careat,

1044 1353 1160 1392 offam
1196 1352 1422 1392 iudicialem
1460 1357 1592 1393 sumat
1627 1357 1667 1394 et
1702 1354 1745 1393 in
1781 1366 1828 1394 ea

1044 1411 1227 1451 diuinum
1268 1412 1501 1451 iudicium
1543 1414 1698 1464 subeat,
1748 1414 1827 1453 nisi

1043 1471 1333 1511 eucaristialem
1352 1472 1625 1523 probacionem
1652 1473 1827 1524 preeli-

1043 1533 1140 1581 gat,
1171 1534 1218 1569 et
1248 1530 1322 1570 sibi
1353 1531 1480 1571 liceat.

1103 1768 1156 1808 Et
1198 1769 1234 1807 si
1276 1768 1481 1808 ordinatus
1523 1770 1662 1809 mortis
1710 1782 1829 1810 cause

1044 1827 1311 1879 calumpniam
1366 1828 1515 1879 patitur
1570 1829 1683 1869 siue1
1733 1830 1830 1870 facti

1045 1887 1132 1926 siue
1175 1887 1347 1937 consilii,
1394 1891 1442 1927 et
1484 1900 1535 1927 se
1578 1893 1829 1929 nocentem

1044 1946 1200 1986 fuisse
1221 1947 1490 1997 negauerit,
1514 1952 1658 1998 purget
1678 1945 1745 1987 se†
1767 1961 1829 1989 co·

1044 2006 1195 2057 gnatis,
1221 2006 1365 2060 quibus
1388 2007 1483 2046 licet
1506 2008 1646 2048 mortis
1670 2020 1829 2048 causam

1047 2065 1168 2104 simul
1209 2077 1301 2105 cum
1339 2078 1386 2105 eo
1422 2069 1492 2105 aut
1527 2067 1633 2118 ferre
1668 2072 1738 2107 aut
1773 2068 1829 2108 de

1045 2126 1214 2164 mortis
1265 2130 1408 2165 ca‘usa
1463 2138 1535 2176 pro
1591 2126 1662 2166 illo
1713 2129 1829 2167 satis-

1044 2184 1188 2224 facere.

1099 2243 1149 2283 'Si
1184 2247 1319 2284 autem
1362 2244 1602 2295 suffragio
1644 2250 1830 2297 cognato-

1045 2315 1135 2342 rum
1159 2307 1305 2352 careat,
1336 2307 1482 2354 purget
1507 2300 1575 2343 se†
1600 2306 1733 2355 sociis,
1762 2309 1830 2345 aut

1045 2362 1238 2402 ieiunium
1268 2363 1376 2402 ineat
1405 2367 1446 2403 et
1466 2364 1585 2402 offam
1605 2364 1828 2405 iudicialem

1047 2425 1194 2471 sumat,
1243 2426 1284 2462 et
1332 2422 1390 2462 sic
1432 2423 1507 2462 Dei
1548 2424 1697 2464 iudicio
1739 2437 1830 2476 pro-

1046 2482 1172 2521 betur.
1237 2483 1275 2529 †)
1301 2488 1457 2530 erydmae
1482 2496 1564 2521 cum

1078 2571 1082 2574 -
1143 2551 1179 2595 1)
1204 2550 1260 2586 sifi
1283 2551 1374 2586 tsi-1
1398 2562 1427 2586 c.
1454 2551 1512 2586 Ην

1105 2660 1246 2712 Neque
1283 2661 1400 2700 debet
1435 2663 1663 2702 monasterii
1696 2675 1830 2702 mona-

1047 2732 1119 2759 cus
1161 2720 1475 2760 satisfaccionem
1525 2734 1644 2762 cause
1691 2723 1830 2762 mortis

1046 2780 1218 2819 humane
1247 2780 1318 2819 uel
1348 2780 1501 2820 soluere
1526 2781 1593 2820 uel
1617 2781 1829 2832 deprecari,

1047 2840 1234 2891 quoniam
1278 2839 1366 2890 ipse
1408 2840 1609 2890 egreditur
1650 2841 1699 2880 de
1742 2842 1831 2892 lege

1047 2898 1317 2949 cognacionis,
1366 2900 1484 2938 cum2
1519 2901 1657 2950 regule
1700 2900 1830 2951 legem

1047 2958 1163 2998 subit.

1143 3026 1178 3070 2)
1207 3029 1248 3061 tfi
1273 3026 1332 3061 Ην

1107 3136 1149 3176 Si
1172 3148 1267 3176 uero
1287 3137 1508 3188 presbiter³
1529 3138 1578 3177 de
1598 3138 1698 3179 falso
1719 3139 1829 3178 testi·

1046 3196 1177 3235 monio
1207 3195 1275 3235 uel
1304 3197 1477 3247 periurio
1510 3197 1597 3237 siue
1626 3198 1734 3237 furto
1763 3198 1830 3238 uel

1141 3264 1178 3309 3)
1202 3263 1296 3299 verb.
1314 3275 1386 3300 aus
1410 3264 1606 3310 presbitero
1631 3264 1690 3300 Ην

2628 287 2710 329 287

1932 465 2083 554 lebf’mlit
2099 519 2247 548 einiacher
2260 520 2390 555 Anklage
2406 521 2561 556 hezichtigt
2573 522 2659 557 wird,
2680 530 2713 550 so

1932 566 2035 595 nehme
2054 574 2085 594 or
2103 567 2171 595 ποί
2191 567 2286 595 seiner
2299 567 2567 603 Standesgenossen
2584 569 2642 597 und
2655 569 2711 597 rei-

1931 613 1998 649 nige
2017 614 2079 642 sich
2098 614 2151 643 mit
2168 614 2270 643 denen.

2146 472 2243 501 Wenn
2263 473 2308 501 sin
2328 473 2457 505 Diakon,
2487 474 2537 503 der
2555 474 2711 503 kanonisch

1994 702 2109 749 5,1a.
2142 709 2209 737 Und
2232 717 2316 738 wenn
2341 718 2372 738 or
2397 711 2448 739 mit
2472 712 2630 739 droilacher
2652 714 2712 740 An·

1933 755 2019 791 klsgo
2038 755 2194 791 bezichtigt
2211 757 2282 785 vird
2291 778 2298 791 ,
2319 766 2351 785 so
2364 758 2467 786 nehme
2479 766 2511 786 er
2523 759 2607 786 sechs
2621 760 2715 787 seiner

1934 803 2201 839 Standesgenossen
2215 805 2274 832 und
2286 805 2395 840 reinige
2409 806 2472 833 sich
2485 807 2538 834 mit
2550 806 2642 834 denen
2656 807 2714 835 und

1932 859 1965 879 er
1982 851 2075 880 selbst
2093 853 2136 879 sei
2154 852 2205 879 der
2223 852 2355 880 siebente
2374 853 2426 889 [im
2445 853 2539 889 EideJ.

1995 940 2033 986 5,
2048 939 2085 978 2.
2112 946 2211 974 Wenn
2223 947 2270 975 ein
2283 947 2426 975 laionhaft
2435 948 2570 976 lebender
2578 949 2713 983 Priester,

1933 993 1984 1021 dor
1995 994 2083 1022 keine
2096 994 2273 1022 kanonische
2281 994 2483 1023 Lebensweise
2496 995 2558 1023 halt
2567 1017 2574 1030 ,
2595 996 2646 1023 mit
2654 998 2715 1024 An-

1933 1040 2019 1076 klage
2037 1041 2136 1076 belegt
2154 1042 2240 1077 wird,
2266 1050 2298 1070 so
2323 1043 2433 1077 reinige
2457 1051 2490 1071 er
2515 1043 2576 1071 sich
2594 1043 2649 1071 wie
2668 1043 2715 1071 ein

1933 1088 2064 1124 Diakon,
2092 1089 2142 1116 der
2163 1089 2192 1116 in
2212 1090 2403 1118 kanonischer
2421 1090 2624 1119 Lebensweiso
2644 1090 2713 1118 lebt.

1995 1237 2033 1283 5,
2049 1236 2111 1275 Za.
2159 1243 2259 1272 Wenn
2277 1244 2325 1272 oin
2344 1244 2542 1280 Altardiener,
2562 1245 2613 1273 der
2630 1245 2716 1273 keine

1934 1290 2068 1319 Frounde
2086 1291 2156 1326 [und
2169 1291 2258 1328 Sippe
2276 1291 2336 1320 und
2349 1292 2446 1327 daher]
2462 1292 2548 1320 keine
2559 1292 2717 1320 Eideshilfe

1933 1338 2054 1372 hesim,
2081 1339 2134 1366 mit
2152 1339 2285 1374 Anklage
2310 1339 2407 1374 belegt
2425 1340 2512 1375 wird,
2539 1348 2571 1367 so
2591 1339 2718 1367 schreite

1934 1393 1965 1412 er
1990 1394 2053 1413 zum
2080 1386 2174 1420 [Ordal
2199 1387 2259 1422 des]
2286 1387 2635 1422 Entscheidungsbissens
2660 1388 2717 1415 und

1934 1432 2049 1460 erfahre
2076 1433 2114 1468 [d.
2128 1433 2155 1461 Ιι.
2170 1433 2256 1470 leide]
2283 1434 2359 1462 dann
2378 1435 2462 1462 dabei
2480 1435 2547 1470 das,
2568 1443 2628 1463 was
2646 1435 2719 1463 Gott

1934 1480 2011 1513 will,
2043 1488 2146 1509 ausser
2175 1490 2259 1509 wenn
2288 1490 2320 1510 er
2343 1482 2513 1510 Erlaubniss
2537 1482 2646 1518 erhslt,
2677 1484 2717 1511 im

1902 1558 1903 1561 Ἰ
1934 1528 2238 1563 Abendmahlsgenuss
2257 1529 2320 1557 sich
2338 1538 2373 1558 zu
2390 1530 2527 1564 reinigeu.

1997 1772 2035 1819 5,
2051 1770 2076 1809 2
2085 1770 2117 1809 b.
2161 1779 2229 1806 Und
2246 1787 2332 1806 wenn
2344 1780 2393 1807 ein
2405 1779 2542 1807 KlerIker
2553 1779 2606 1807 mit
2619 1779 2718 1807 Fehclo

1935 1825 2033 1860 belegt
2062 1826 2122 1853 und
2146 1825 2305 1861 angeklagt
2328 1827 2415 1861 wird,
2448 1827 2515 1854 dass
2539 1835 2571 1854 er
2594 1827 2718 1855 thatlich

1936 1872 2144 1908 'rodtschlager
2167 1874 2237 1901 oder
2260 1874 2351 1902 durch
2368 1874 2447 1902 Rath
2465 1874 2644 1902 Mordstifter
2666 1883 2717 1909 ge-

1935 1928 2034 1949 wesen
2053 1921 2112 1956 sei,
2132 1929 2164 1949 so
2183 1921 2313 1949 schwore
2331 1930 2363 1950 er
2381 1922 2444 1950 sich
2461 1923 2524 1950 rein
2546 1923 2600 1950 mit
2618 1923 2717 1950 soinen

1936 1968 2150 2002 Verwandten,
2170 1969 2216 1997 die
2231 1969 2331 1997 Fehde
2349 1970 2403 1997 mit
2420 1978 2455 1997 zu
2474 1972 2575 2004 tragon
2594 1970 2663 1997 oder
2681 1978 2719 1997 an

1936 2016 2024 2044 deren
2044 2016 2125 2044 statt
2143 2016 2237 2045 Busse
2256 2025 2292 2044 zu
2309 2016 2411 2045 zahlen
2428 2017 2533 2044 haben.

1998 2247 2036 2296 5,
2056 2248 2118 2286 20.
2179 2255 2246 2283 Und
2274 2262 2359 2282 wenn
2389 2262 2421 2282 er
2450 2255 2525 2282 ohne
2550 2255 2638 2290 Sippe
2669 2255 2717 2290 ist,

1938 2301 2066 2330 sohwtire
2103 2310 2135 2329 er
2169 2302 2232 2330 sich
2268 2303 2323 2330 mit
2356 2303 2506 2330 Genossen
2542 2303 2603 2330 rein
2640 2303 2717 2338 oder,

1938 2365 2054 2392 wenn
2085 2365 2128 2392 er
2154 2354 2225 2393 das
2252 2366 2362 2394 muss
2373 2355 2399 2404 1,
2430 2354 2526 2404 fang
2546 2367 2590 2393 er
2610 2362 2719 2390 Fasten

1936 2425 1987 2452 an
2011 2413 2094 2451 und
2120 2414 2290 2453 schreite
2307 2429 2371 2449 zum
2389 2421 2720 2456 Entscheidungsbissen

1936 2480 1997 2508 und
2014 2481 2127 2508 errante
2145 2481 2230 2509 dabei
2251 2481 2288 2516 [α.
2302 2481 2330 2509 ιι.
2344 2480 2433 2516 loide]
2460 2485 2520 2522 so,
2552 2473 2628 2512 wie
2648 2481 2719 2509 Gott

1937 2529 2110 2557 bostimmen
2127 2537 2201 2563 mag.

1999 2665 2037 2712 5,
2053 2663 2122 2702 2d.
2165 2671 2234 2699 Und
2251 2671 2333 2699 nicht
2351 2671 2415 2698 dax-f
2432 2671 2480 2699 ein
2499 2671 2720 2699 Klostermtinch

1937 2719 2084 2753 irgendwo
2109 2718 2264 2753 gesetzlich
2288 2718 2450 2747 Geldbusse
2474 2719 2523 2746 fiir
2546 2719 2720 2754 Todtsehlag

1938 2766 2055 2803 [veriibt
2080 2774 2118 2793 an
2136 2766 2245 2794 seinem
2263 2766 2469 2802 Verwandten]
2490 2767 2619 2802 sordem,
2645 2767 2720 2794 noch

1937 2814 2014 2843 such
2032 2813 2195 2841 Geldbusse
2219 2815 2266 2841 fiir
2290 2813 2465 2848 Todtschlag
2491 2814 2607 2849 [veriibt
2630 2814 2720 2842 durch

1937 2862 2038 2890 seinen
2050 2861 2258 2897 Verwandten]
2278 2861 2394 2889 zahlen:
2413 2869 2446 2889 er
2462 2862 2526 2889 tritt
2544 2869 2597 2890 aus
2610 2861 2718 2889 seinem

1939 2908 2146 2945 Sippenrecht,
2175 2909 2276 2937 sobald
2300 2917 2332 2937 er
2355 2909 2419 2937 sich
2443 2909 2508 2937 dem
2532 2909 2644 2937 Rechts
2669 2909 2720 2937 der

1938 2956 2127 2991 Ordensregel
2145 2957 2318 2985 unterwirft.

1999 3141 2037 3188 5,
2053 3140 2090 3179 3,
2123 3139 2212 3178 Und
2225 3154 2310 3174 wenn
2322 3147 2371 3175 ein
2383 3146 2510 3175 Priester
2522 3139 2563 3189 je
2574 3147 2718 3181 irgendwo

1937 3207 1968 3234 in
1986 3206 2126 3235 falschem
2139 3206 2280 3241 Zeugniss
2299 3207 2367 3234 oder
2384 3206 2425 3234 im
2436 3206 2561 3235 Meineid
2581 3206 2717 3242 [enappt]

259 3367 294 3411 *)
317 3367 362 3402 di.
381 3378 431 3402 re.
449 3368 594 3408 uiuens,
619 3369 756 3405 scilicet
779 3380 964 3407 assumens
988 3371 1094 3417 duos,
1119 3372 1155 3406 et
1179 3371 1256 3416 ipse
1281 3371 1328 3406 sit
1352 3371 1496 3415 tertius3
1528 3374 1564 3407 et
1589 3372 1619 3407 si
1644 3373 1687 3408 de
1712 3372 1843 3418 triplici
1866 3372 2118 3418 appellatione,
2145 3375 2262 3408 sumat
2288 3384 2353 3409 sex
2378 3376 2414 3408 et
2439 3374 2513 3419 ipse
2539 3373 2585 3408 sit
2610 3374 2717 3418 septi-

157 3424 240 3450 mus
266 3414 351 3460 [aus
375 3416 410 3459 5,
425 3416 463 3459 13
488 3417 521 3458 5,
537 3416 597 3461 la]
621 3415 704 3462 fffiqt
727 3428 778 3452 zu
799 3417 862 3453 ob.

358 3522 396 3566 5)
420 3521 510 3566 fehlt
535 3522 643 3564 LbS,·
669 3533 704 3558 u.
723 3533 752 3558 c.
773 3523 804 3558 Τ
823 3556 829 3561 ,

163 3568 269 3605 sociis
293 3569 338 3604 in
363 3570 396 3614 5,
409 3569 460 3604 20
483 3569 722 3616 abersprinqt
745 3570 836 3606 Lbs

161 3615 210 3652 in.
229 3616 260 3652 S
336 3618 395 3662 14)
421 3617 616 3653 eiusdem
639 3628 674 3663 p.
691 3628 734 3663 e.,
761 3617 796 3653 li.
820 3618 872 3654 Ob

260 3475 295 3519 1)
320 3486 386 3509 vor
409 3475 474 3510 der
498 3473 695 3510 Klammer
724 3475 793 3518 0b;
819 3476 1157 3532 einqelclammertqs
1180 3477 1310 3531 derige

893 3524 1147 3615 ⁶³113t¹315325
1168 3527 1267 3607 inm
1290 3525 1344 3560 Μ’

970 3619 1029 3665 15)
1054 3619 1091 3654 in
1113 3618 1196 3664 fiiyt
1219 3630 1270 3655 κα
1295 3619 1387 3655 LbS

1441 3526 1477 3569 7)
1503 3526 1589 3572 quid
1619 3525 1671 3562 Cb

1482 3621 1540 3665 16)
1564 3620 1707 3666 reliquit
1736 3621 1788 3657 Cb

1407 3478 1444 3523 2)
1470 3478 1530 3524 qui
1554 3490 1588 3513 n.
1611 3489 1638 3513 r.
1657 3490 1704 3523 u.,
1730 3489 1760 3514 c.
1784 3478 1835 3515 C'b
1932 3480 1968 3522 3)
1994 3479 2087 3515 verb.
2105 3491 2176 3515 aus
2202 3482 2238 3515 et
2262 3479 2317 3521 H,·
2342 3480 2400 3514 uel
2431 3480 2478 3515 Cb

1748 3526 1786 3571 8)
1812 3528 1908 3562 esset
1931 3526 2023 3562 LbS

1289 3572 1483 3616 12),suis;
1515 3583 1619 3618 quos
1651 3573 1687 3609 si
1718 3584 1798 3609 non
1829 3574 2033 3610 habuerit
2064 3577 2153 3609 state
2177 3574 2237 3609 uel
2267 3574 2317 3610 Cb

2574 3481 2610 3523 4)
2637 3480 2717 3524 quia

2082 3527 2131 3571 -9)
2157 3537 2209 3562 co.
2228 3538 2258 3562 a.
2277 3528 2314 3562 in
2340 3527 2364 3561 f.
2389 3527 2439 3562 Cb
2514 3527 2571 3569 10)
2598 3527 2715 3571 qui—

2416 3575 2473 3617 13)
2500 3574 2565 3608 -iet
2592 3574 2645 3615 H,·
2673 3574 2714 3608 ie.

1885 3622 1943 3667 17)
1968 3621 2059 3667 folyt
2085 3622 2140 3657 Af.
2159 3622 2220 3667 20,
2246 3633 2275 3656 s.
2296 3622 2383 3656 oben
2412 3622 2447 3656 S.
2466 3622 2507 3657 61

2433 3845 2477 3881 37

2816 474 2872 510 1⁷91.

2745 515 2815 543 1’111
2822 517 2884 544 Atr.
2898 515 2934 544 20

2737 710 2796 740 abd.
2812 711 2857 746 20,
2873 711 2889 739 l

2739 947 2798 975 abd.
2814 948 2848 975 21

2741 1243 2799 1272 abd.
2814 1243 2849 1271 22

2743 1777 2800 1805 ὠά.
2815 1778 2852 1805 23

2743 2252 2851 2280 ebd.24

2744 2674 2802 2701 ebd.
2817 2674 2852 2702 25

2741 3148 2800 3177 ebd.
2815 3149 2850 3178 27
