3126 4264
61 488 108 536 [3]

204 304 330 353 [1008‚
358 305 412 343 16.
427 303 664 351 Mai-1011,
691 303 745 340 13.
760 302 845 349 Mai]
1014 302 1067 339 VI
1083 301 1364 339 AETHELRED:
1391 302 1467 339 ‘AD
1492 302 1714 340 EANHAM’
1741 304 1763 340 3
1789 304 1843 340 bis
1869 305 1900 340 7.
2636 310 2723 351 249

1226 420 1467 468 Par-aphram
1491 421 1557 457 XI.
1570 421 1652 457 le.

245 485 293 526 K.
355 485 686 538 Archipontifices
716 485 852 533 etiam,
889 485 970 523 una
1005 495 1097 524 cum
1133 486 1352 523 ceterorum
1389 495 1587 524 consensu
1623 484 1855 535 pontificum
1894 485 2279 537 orthodoxorumque
2315 486 2393 526 iam
2430 490 2526 527 tunc
2561 500 2723 539 presen-

157 546 275 596 tium,
307 545 463 586 salubre
491 545 568 585 hoo
596 544 786 596 piumque
816 543 960 583 celitus
990 542 1114 582 afflati
1144 550 1296 585 elegerunt
1313 550 1552 587 eamdemque
1570 551 1738 587 mmmm,
1758 553 1809 587 ut,
1829 551 1854 579 si
1873 551 2012 588 quispiam
2032 552 2236 580 monachorum
2261 546 2327 584 uel
2359 547 2543 597 quepiam
2576 548 2724 586 moni-a-

156 605 256 644 lium
286 620 325 642 ox
350 603 572 656 cuiuspiam
596 611 771 646 mon-sterio
789 602 942 643 abbatis
972 602 1039 642 uel
1069 601 1264 642 abbatisse
1295 602 1436 653 (ipsius
1469 602 1658 643 uidelicet
1687 602 1754 642 uel
1785 601 2078 643 antecessorum
2109 603 2196 643 eius
2227 606 2468 655 temporibus
2501 606 2723 657 regiminis)

155 672 215 701 ritu
234 671 396 709 apo-mino
418 675 489 715 per
518 662 722 715 proprium
751 662 958 702 arbitrium
989 661 1138 712 egressi
1168 661 1234 701 uel
1265 662 1414 713 proprii
1444 665 1555 702 reatu
1585 662 1751 713 deliquii
1778 662 1953 713 expulsi,
1985 662 2131 702 alicubi
2161 664 2306 714 reperti
2336 664 2501 714 fuerint,
2528 674 2557 700 in
2576 676 2722 702 monaste·

155 731 229 760 rium
249 732 355 760 iterum
378 732 564 760 renuuntur
587 726 627 762 et
656 719 864 775 ab[s]que1
890 721 974 760 ulla
1001 720 1329 760 contradictione·
1357 721 1634 773 suscipiantur.
1694 721 1870 761 Gaueant
1894 722 2040 761 etenim
2065 723 2224 762 abbates
2249 735 2323 762 nec
2347 735 2426 762 non
2451 728 2491 763 et
2514 725 2721 773 abbatisse,

156 794 208 823 ne
237 779 364 822 illudb
382 780 688 834 propheticum
708 781 758 820 de
785 781 845 821 eis
865 780 1036 820 dicatur:
1069 778 1228 829 ‘Quod⁸
1247 780 1450 819 infirmum
1469 780 1549 820 fuit
1579 792 1658 820 non
1689 780 1982 830 consolidastis,
2014 784 2054 820 et
2085 782 2190 833 quod
2221 786 2400 833 egrotum
2430 795 2509 822 non
2541 784 2722 832 sanastis,

155 854 284 894 neque
313 841 420 894 quod
449 840 620 892 perierat
648 837 906 892 inquisistis’.
1900 840 1903 844 “

244 925 292 966 Κ,
353 932 476 961 Βοιιεηί
505 939 573 967 ergo
603 931 736 961 monaehi
773 923 842 963 uel
877 922 1070 962 moniales
1107 930 1293 967 obseruantie
1332 930 1458 966 regulari
1487 930 1636 959 humiliter
1672 930 1842 959 subiaceant
1877 930 2131 968 neglegentiaeque
2167 932 2276 968 priores
2312 932 2430 960 nimium
2460 933 2610 969 peniteant
2646 936 2676 961 et
2707 942 2725 961 a

123 1010 128 1014 -
155 992 269 1022 motis
293 992 396 1021 modo
419 991 600 1020 unitatibus
624 991 777 1020 desistant.
815 990 895 1018 Uota
919 990 996 1018 enim
1021 989 1070 1018 uel
1094 990 1251 1026 promissa,
1284 998 1341 1026 que
1360 990 1422 1019 Deo
1447 991 1611 1026 nonerunt,
1643 991 1741 1018 mente
1765 989 1891 1018 sollicita
1914 990 2068 1019 reuoluant
2104 983 2298 1035 factisque
2328 984 2467 1023 eadem
2498 984 2724 1035 persoluere

155 1043 349 1085 studeant.

245 1170 279 1199 si
302 1171 401 1199 autem
425 1170 588 1206 cuiuspiam
611 1169 816 1197 monachorum
842 1168 1065 1204 monasterium,
1103 1172 1181 1212 quo
1220 1172 1263 1200 se
1299 1173 1372 1211 per
1405 1159 1681 1211 promissionis
1717 1163 1856 1199 uotum
1893 1172 2043 1212 perque
2079 1161 2238 1200 habitus
2279 1162 2570 1213 susceptionem
2607 1163 2723 1214 spiri—

154 1222 275 1263 tulis²
305 1221 473 1261 Domino
516 1220 661 1272 optulit
697 1220 958 1271 omnipotenti
989 1219 1116 1271 (uelut
1157 1217 1392 1271 plerumque
1434 1222 1584 1259 mutata
1626 1223 1849 1270 temporum
1885 1220 2163 1260 uicissitudine
2198 1221 2424 1271 contingere
2457 1222 2589 1273 solet),
2632 1235 2722 1261 cum

155 1281 377 1322 canonicis·
407 1280 476 1321 uel
505 1293 598 1320 cum
629 1279 996 1320 sanctimonialibus
1028 1279 1288 1319 constitutum
1320 1279 1390 1329 sit,
1427 1279 1542 1330 isque
1578 1282 1711 1318 tamen
1747 1278 1868 1318 alicui
1898 1279 2067 1330 ecclesie
2098 1280 2164 1319 uel
2195 1281 2470 1320 monasteriolo
2501 1282 2543 1320 in
2576 1281 2723 1322 Christi

154 1341 348 1382 famulatu
385 1340 544 1380 deditus
580 1339 718 1389 fuerit,
748 1347 825 1375 isam
842 1347 906 1383 ipse
923 1346 1106 1383 ponentem,
1131 1346 1168 1374 aa
1186 1346 1270 1374 ouius
1288 1346 1429 1374 diocesim
1453 1338 1591 1377 eadem
1621 1338 1789 1377 ecclesia
1824 1339 1890 1378 uel
1920 1339 2259 1389 monasteriolum,
2297 1340 2363 1379 cui
2399 1345 2548 1391 preest,
2585 1349 2722 1385 pertinet,

154 1400 423 1452 promtissime
452 1407 554 1440 adeat,
577 1406 689 1443 triaque
714 1406 770 1434 heo
794 1414 827 1434 se
850 1413 964 1442 semper
981 1406 1166 1434 seruaturum
1196 1398 1286 1437 data
1319 1397 1482 1437 dextera
1511 1405 1672 1433 deuoueat:
1707 1405 1871 1433 castitatem
1896 1406 2058 1453 uidelicet,
2089 1406 2276 1443 habitumque
2301 1408 2498 1436 monachicum
2523 1410 2555 1436 et
2585 1413 2724 1452 perpe-

153 1463 262 1500 tuam
292 1468 324 1496 in
342 1467 450 1496 curisti
471 1467 615 1504 semiruto
644 1457 992 1510 perseuerantiam.

244 1527 354 1564 Quodsi
371 1527 427 1555 hec
445 1526 636 1563 paruolum-it,
656 1525 769 1561 dignior
784 1525 936 1554 habeatur.

244 1662 292 1702 Κ.
354 1669 493 1699 canonici
510 1675 635 1705 namque
652 1668 684 1696 in
702 1668 764 1696 suis
781 1675 814 1696 se
830 1666 1015 1710 monasteriis
1033 1667 1078 1695 ita
1095 1667 1266 1702 obser-nent,
1292 1669 1327 1695 ut
1350 1667 1381 1694 in
1401 1666 1582 1695 continentia
1598 1675 1672 1703 pura
1689 1669 1720 1695 et
1737 1667 1768 1695 in
1787 1668 1924 1696 castitate
1938 1672 2082 1710 magna
2103 1659 2271 1699 Domino
2295 1668 2468 1703 regulariter
2486 1660 2723 1711 deseruiant,

154 1722 286 1762 horis·
316 1720 630 1772 competentibus
661 1719 837 1759 officium
874 1719 1056 1758 diuinum
1087 1718 1131 1757 in
1169 1718 1349 1769 ecclesiis
1381 1718 1528 1769 pariter
1557 1719 1830 1758 concelebrent
1854 1718 1922 1767 et4,
1951 1727 1976 1754 si
1995 1719 2131 1755 0010014
2149 1728 2311 1764 substantie
2342 1720 2610 1759 habundantia
2640 1721 2724 1760 uic-

154 1781 277 1821 tualis
306 1779 385 1820 ne⁵
414 1779 588 1830 defuerit
598 1779 625 1829 2,
643 1787 674 1815 in
692 1787 755 1815 suis
773 1791 846 1830 per
869 1778 955 1818 dies
977 1778 1156 1829 singulos
1177 1778 1396 1829 prandeant
1412 1786 1592 1822 refectoriis,
1614 1778 1796 1817 noctibus
1819 1791 1975 1830 quoque
1997 1779 2184 1829 singulis,
2205 1789 2240 1815 ut
2257 1787 2299 1815 eis
2317 1787 2418 1823 regule
2437 1790 2579 1816 monstmt
2596 1788 2723 1816 auotori-

154 1850 218 1883 tus,
235 1848 266 1876 i„
285 1847 458 1876 dormitoiiis
481 1839 742 1890 requiescant.
805 1846 914 1881 Quodsi
930 1845 986 1882 hec
1005 1846 1160 1874 obseram
1178 1845 1377 1881 neglexerint,
1403 1838 1470 1876 uel
1500 1837 1734 1888 regulariter
1764 1837 1975 1877 emendent
2005 1838 2072 1877 uel
2103 1838 2152 1877 de
2182 1838 2430 1878 monasteriis
2461 1839 2654 1878 eiciantur
2684 1843 2724 1879 et

153 1899 229 1940 Dei
257 1907 419 1935 hereditate
437 1907 566 1935 careant.
2594 1942 2597 1946 Ι

243 1959 291 1999 Κ,
354 1966 528 1995 Sacerdotes
545 1965 644 2002 itaque
662 1965 726 1994 siue
743 1965 918 2002 presbiteros
936 1972 1116 2001 summopere
1135 1965 1339 1998 obsecramuS,
1359 1966 1395 1992 ut
1413 1957 1522 2000 caste²
1546 1965 1576 1992 et
1601 1965 1796 2001 continenter,
1828 1965 1951 1993 Domino
1972 1957 2118 2007 iugiter
2135 1966 2312 2001 sementes,
2339 1974 2357 1993 a
2381 1966 2512 1994 conubiis
2537 1974 2568 1994 se
2592 1966 2725 1994 femineis

154 2026 270 2072 omnino
286 2026 468 2063 abstineant,
489 2026 588 2063 sicque
606 2025 722 2054 Domini
738 2025 812 2053 iram
830 2010 994 2054 deuitent.⁶

245 2609 287 2651 Si
324 2610 431 2650 ellim
466 2610 600 2650 taliter
629 2607 800 2650 Domino
837 2610 986 2650 seruire
1015 2618 1178 2654 noluerint,
1198 2617 1313 2646 Domini
1338 2609 1646 2660 cunctipotentis
1677 2617 1901 2646 misericordiam
1932 2610 1998 2648 hic
2034 2612 2074 2649 et
2103 2609 2146 2648 in
2174 2610 2308 2649 futuro
2338 2620 2553 2653 consequantur
2582 2622 2724 2661 perpe-

155 2672 284 2720 tuam3
316 2677 436 2714 insuper
452 2679 484 2706 et
499 2677 640 2706 nobilium
661 2670 789 2706 Ῑιῡιιοῐί2
807 2685 1010 2714 personarum,
1031 2679 1062 2706 et
1079 2678 1110 2705 in
1128 2677 1194 2705 uita
1210 2677 1340 2713 presenti
1358 2678 1389 2705 et
1406 2679 1475 2713 post
1492 2677 1555 2712 uite
1574 2676 1745 2712 terminum,
1765 2677 1843 2711 digni
1861 2677 2031 2705 habeantur.

245 2855 354 2892 Quodsi
369 2855 426 2891 heo
445 2856 600 2884 obseruare
617 2855 780 2892 noluerint,
799 2852 878 2884 omni
895 2855 1003 2884 honore
1021 2855 1139 2892 penitus
1156 2855 1322 2892 priuentux:

244 2990 293 3030 K.
354 2997 428 3026 Post
451 2997 507 3034 ιιῳ
530 2997 620 3033 igitur
645 2981 960 3041 amhiponfifices
996 2989 1182 3041 predicti,
1225 2993 1438 3029 conuocata
1468 2997 1560 3034 plebis
1584 2997 1770 3026 multitudine
1802 2989 1986 3040 collecte,
2029 2990 2134 3040 regis
2177 2990 2304 3029 edicto
2348 2981 2604 3040 suprascripti
2641 3002 2723 3028 om-

92 3075 97 3078 ·
157 3049 347 3101 niumque
363 3060 564 3089 consensu
583 3049 882 3099 catholicorum,
901 3057 1033 3086 omnibns
1051 3057 1240 3085 communiter
1255 3057 1459 3094 predicabant,
1479 3064 1569 3085 unum
1587 3057 1683 3084 Deum
1702 3057 1854 3084 colendum
1866 3064 1932 3084 esse
1945 3057 2050 3084 debere
2062 3072 2096 3076 —
2112 3049 2290 3089 Patrem·
2313 3049 2499 3088 uidelicet
2519 3054 2558 3088 et
2578 3049 2721 3088 Filium

158 3112 199 3149 et
228 3108 422 3160 Spiritum
453 3111 651 3150 sanctum:
689 3109 848 3148 Patrem
880 3109 1077 3160 siquidem
1106 3109 1344 3158 ingenitum,
1382 3108 1527 3148 Filium
1557 3112 1689 3147 autem
1719 3111 1812 3147 ante
1843 3111 2019 3159 tempora
2049 3108 2227 3159 genitum
2257 3101 2288 3147 a'
2311 3108 2444 3158 Patre,
2476 3109 2519 3147 in
2548 3113 2724 3159 tempore

157 3171 296 3208 natum
327 3179 380 3207 ex
408 3171 552 3217 matre,
584 3167 775 3220 Spiritum
805 3180 900 3208 uero
931 3172 1111 3208 sanctum
1142 3169 1190 3207 ab
1220 3171 1389 3220 utroque
1418 3168 1715 3219 procedentem,
1747 3167 1980 3207 Trinitatem
2011 3168 2207 3219 siquidem
2237 3168 2280 3207 in
2303 3168 2500 3220 personis,
2531 3167 2723 3207 unitatem

158 3227 201 3266 in
233 3226 470 3276 substantia,
499 3225 656 3266 Deitate
686 3227 930 3279 coequalem,
961 3228 1108 3267 honore
1139 3232 1180 3267 et
1210 3227 1335 3278 gloria
1365 3231 1603 3267 coeternum.
1655 3234 1754 3263 Unum
1772 3235 1908 3270 inquiunt
1924 3235 2019 3263 Deum
2039 3239 2236 3279 unamque
2263 3239 2376 3278 spem
2401 3231 2441 3267 et
2462 3239 2583 3266 unam
2603 3227 2723 3267 fidem

150 3290 278 3341 *atque
307 3298 434 3325 unum
463 3285 658 3336 baptisma.
674 3302 729 3323 nos
747 3294 842 3323 colere
860 3297 975 3332 oportet
993 3297 1025 3323 et
1042 3302 1141 3324 omnes
1159 3303 1288 3331 paganas
1305 3294 1526 3331 superstitiones
1545 3288 1758 3330 contempnere.

247 3345 296 3386 K
357 3353 557 3382 meantum-es
580 3355 693 3390 autem,
725 3362 840 3390 magos,
873 3347 1078 3391 phithonicos⁸
1111 3356 1142 3382 et
1165 3354 1312 3382 ueneficos
1348 3358 1475 3386 necne
1511 3345 1705 3385 idolorum
1748 3345 1920 3385 Cllltores
1956 3346 2106 3382 acoriter²
2130 3356 2244 3390 oportet
2274 3354 2468 3389 constringere
2493 3354 2542 3382 uel
2572 3355 2661 3382 etiam
2685 3362 2725 3381 ex

158 3401 254 3438 patri»
269 3401 376 3430 eicere.

259 3743 296 3790 1)
321 3743 365 3780 ab
389 3754 458 3790 que
531 3743 567 3788 2)
592 3754 633 3779 so
706 3743 743 3788 3)
769 3743 900 3779 Exeoh.
918 3743 1014 3788 34,4
1084 3744 1122 3789 4)
1147 3743 1307 3780 daraber
1321 3755 1405 3780 vom
1423 3743 1636 3780 Sehreiber:
1663 3743 1722 3780 uel
1748 3746 1800 3779 ‘et
1824 3745 1855 3779 si
1880 3745 1914 3779 in
1941 3755 1982 3780 eo
1999 3743 2092 3780 loco'
2168 3744 2204 3788 5)
2230 3743 2298 3778 lies
2315 3754 2385 3778 non
2458 3744 2494 3788 6)
2521 3745 2618 3789 5,1t.
2632 3743 2722 3788 fehlt

2439 3861 2508 3897 32*
