3126 4264
362 311 446 351 530
1280 304 1693 348 QUADRIPARrirus
1730 306 1818 341 ned.
1839 306 2000 342 12—20.
2728 277 2739 283 ⁷
2753 308 2874 355 [1114]

153 436 306 482 [Quadr.
360 429 469 469 ulcia
500 439 724 481 puerorum
764 425 904 466 suauii
943 428 983 466 et
1021 437 1117 479 quae
1156 424 1354 466 mulieres
1391 425 1478 479 pati
1517 426 1681 467 miserae
1717 425 1908 467 libidinis
1940 429 2150 481 coguntur
2180 426 2389 468 incendiis
2421 429 2461 467 et
2492 427 2515 467 6
2550 429 2665 468 tanta
2695 427 2923 469 criminum

144 490 229 524 Ded.
251 490 306 533 11]
357 497 572 540 reticenda
609 496 769 550 flagitia
806 496 1074 550 praeposteris
1111 496 1359 550 passionum
1398 496 1628 538 incentiuis
1667 497 1955 538 abundarunt!
2019 502 2090 548 [12]
2130 497 2264 538 Multa
2298 509 2468 552 quoque
2500 497 2554 538 ad
2585 497 2697 539 diem
2727 500 2836 539 hanc
2867 512 2923 541 ex

357 570 515 623 iniquis
548 568 754 622 procreati
787 567 891 608 diris
923 566 1288 621 profanationibus
1327 566 1573 608 adiecerunt
1611 570 1652 608 et
1689 571 1802 609 tante
1834 568 2091 610 crudelitatis
2124 569 2254 610 atroci
2285 567 2451 610 feritate
2483 568 2781 624 multiplicant,
2819 572 2868 610 ut
2898 571 2922 611 6

358 640 567 680 malorum
606 638 878 680 multitudine
916 639 1073 692 pariter
1109 651 1158 679 ac
1195 637 1489 692 magnitudine
1527 639 1846 693 conquerendo,
1884 639 2148 681 condolendo
2185 639 2505 694 proclamemus.
2572 638 2651 680 Hii
2688 652 2788 681 sane
2825 640 2923 682 reli-

357 711 526 765 gionem
559 722 650 751 esse
682 709 872 763 sibilant,
906 708 1112 763 quicquid
1144 708 1411 763 procedentia
1443 708 1653 750 malorum
1686 711 1927 763 magisteria
1958 713 2198 765 potuerunt.
2252 715 2321 760 [13]
2354 710 2560 752 Feliciora
2580 710 2711 753 fuisse
2733 714 2923 766 tempora

354 794 432 822 nec
464 781 590 822 tantis
622 793 751 834 egena
782 780 987 835 plusculis
1018 779 1248 834 pernitiosa
1280 780 1541 833 curiositate,
1573 780 1894 832 circumferunt,
1932 784 2136 836 tanquam
2169 785 2334 836 tempus
2365 806 2423 811 —
2455 779 2594 836 quodb
2625 776 2689 824 est
2720 782 2922 824 distensio

355 853 535 907 quedam
568 853 687 905 anni,
727 864 809 906 que
847 863 922 906 per
960 852 1240 892 attencionem
1271 851 1552 905 presentium,
1589 864 1664 905 per
1696 852 1943 893 memoriam
1974 853 2290 907 preteritorum,
2327 866 2403 907 per
2434 853 2779 907 expectacionem
2810 854 2923 895 futu-

353 937 495 966 rorum
528 923 802 977 distinguitur
825 948 879 952 —
901 935 1049 977 puram
1084 921 1375 964 benefaciendi
1407 921 1670 964 uoluntatem
1693 922 1899 978 inpediat,
1932 927 1972 965 et
1993 936 2082 965 non
2104 924 2238 978 magis
2259 924 2402 978 prauis
2421 923 2614 965 moribus
2638 925 2923 979 inputandum

355 995 559 1050 quicquid
591 1008 615 1036 a
646 994 735 1037 Deo
768 1007 843 1048 per
874 993 1207 1035 inobedientiam
1241 996 1282 1034 et
1313 992 1703 1035 dissimilitudinem
1735 995 2086 1049 preuaricationis
2111 994 2269 1036 alienat
2293 995 2599 1049 suggestione⁰‚
2632 995 2922 1049 delectatione,

354 1079 582 1120 consensu,
621 1066 714 1107 sine
753 1069 844 1106 octo
883 1063 1192 1119 principalibus
1230 1064 1366 1118 uitiis,
1405 1077 1501 1119 quae
1540 1067 1639 1106 sunt
1676 1066 1972 1119 gastrimargia
2003 1065 2060 1119 (id
2099 1069 2162 1107 est
2198 1066 2360 1108 uentris
2397 1066 2644 1121 ingluuies),
2687 1066 2922 1122 fornicatio,

353 1139 545 1191 tristicia,
586 1150 697 1178 uana
736 1137 885 1191 gloria,
925 1136 1109 1190 inuidia,
1147 1136 1227 1189 ira,
1266 1135 1465 1190 superbia
1495 1133 1794 1191 (principiumd
1824 1138 1899 1177 irae
1930 1136 2043 1190 Dei),
2082 1137 2310 1178 malorum⁶
2346 1138 2471 1179 radix
2508 1140 2550 1179 et
2581 1137 2756 1191 antiqua
2786 1138 2923 1179 nostri

352 1210 520 1264 generis
553 1209 742 1262 inimica,
777 1220 874 1261 quae
907 1221 1005 1249 cum
1036 1219 1270 1260 numquam
1303 1209 1469 1261 appetat
1501 1207 1615 1261 quod
1648 1208 1866 1262 conuenit,
1898 1221 2134 1262 numquam
2164 1208 2284 1250 uidet
2305 1209 2421 1263 quod
2443 1208 2623 1264 expedit.
2667 1213 2739 1259 [14]
2771 1209 2922 1252 Patere

352 1293 419 1322 me
453 1284 608 1321 nostrae
647 1279 954 1334 desperationis
994 1281 1034 1319 et
1071 1291 1169 1332 sepe
1207 1291 1376 1320 mecum
1414 1279 1704 1320 succensende
1741 1279 2071 1334 presumptionis
2107 1280 2378 1321 incommoda
2414 1281 2664 1334 propensius
2702 1281 2920 1323 intimare!

352 1357 425 1401 [15]
464 1352 622 1393 Plenus
662 1354 725 1392 est
763 1350 950 1391 mundus
989 1350 1256 1404 erumpnosis
1294 1350 1481 1391 lacrimis
1521 1353 1561 1392 et
1597 1351 1824 1404 pressuris,
1863 1354 1903 1392 et
1941 1363 2065 1393 nemo
2104 1350 2360 1403 considerat3
2407 1363 2485 1392 nec
2524 1354 2586 1393 est
2623 1351 2695 1405 qui
2734 1351 2922 1394 dolorem

351 1437 476 1465 suum
510 1423 652 1465 uerbis
685 1425 758 1464 aut
789 1421 1165 1464 lamentationibus
1196 1421 1355 1476 prodat.
1420 1426 1493 1470 [16]
1532 1421 1707 1472 Perfidi,
1746 1423 1926 1476 periuri,
1964 1422 2182 1476 malitiosi,
2219 1422 2430 1476 maliuoli,
2467 1423 2564 1464 totis
2595 1422 2778 1464 nocendi
2811 1423 2920 1466 desi-

352 1495 478 1536 deriis
512 1497 742 1548 estuantes,
783 1494 858 1548 qui
895 1505 1061 1547 semper
1092 1493 1244 1534 alienis
1276 1492 1445 1534 casibus
1475 1492 1664 1547 gaudent
1695 1496 1736 1534 et
1768 1494 1955 1535 maxime
1987 1490 2133 1535 notasf
2166 1494 2342 1536 occultis
2375 1493 2484 1535 odiis
2515 1497 2811 1549 persecuntur,
2850 1497 2922 1549 qui

351 1579 451 1607 831118
482 1566 694 1620 propriam
726 1564 883 1605 habent
914 1564 1090 1605 malitiae
1129 1561 1492 1618 prerogatiuamff,
1530 1564 1652 1606 bonis
1690 1577 1924 1619 numquam
1964 1566 2179 1620 morigeri,
2217 1569 2258 1608 et
2296 1578 2476 1620 quorum
2515 1564 2680 1607 facinus
2716 1578 2792 1620 per
2830 1566 2922 1609 dies

351 1637 540 1692 singulos
578 1637 631 1678 ad
669 1636 878 1678 deteriora
913 1636 1101 1689 festinat,
1142 1636 1321 1676 obscura
1359 1636 1645 1677 taciturnitate
1677 1637 1879 1690 suspecti,
1917 1636 2131 1691 sacrilegi,
2169 1648 2359 1691 rapaces,
2397 1636 2580 1678 adulteri
2610 1635 2921 1692 rn[a]ritoruml

351 1710 492 1763 sepius
536 1708 810 1749 infamatione
854 1707 1027 1761 pulsati,
1075 1707 1148 1761 qui
1187 1706 1382 1748 dulcibus
1420 1707 1634 1749 ueneriis2
1672 1710 1714 1749 et
1756 1707 2023 1762 uoluptatum
2067 1708 2236 1750 miseris
2279 1710 2532 1762 torquentur
2574 1707 2802 1763 illecebris,
2848 1711 2921 1764 qui

349 1779 687 1834 nefand[ar]um3
718 1778 943 1819 libidinum
974 1778 1280 1833 cupiditatibus
1317 1778 1636 1820 inflammantur
1675 1782 1717 1820 et
1748 1779 1822 1833 qui
1860 1780 1974 1834 turpi
2010 1785 2265 1834 pueroruma
2296 1779 2436 1821 coitu9
2466 1779 2643 1834 pallent,
2681 1780 2755 1834 qui
2785 1792 2920 1822 mere-

350 1851 484 1893 triciis
517 1851 679 1892 actibus
711 1850 761 1891 ad
795 1851 986 1891 omnium
1017 1849 1209 1890 feditates
1242 1853 1514 1903 exponuntur
1546 1853 1587 1892 et
1619 1850 1748 1891 alieni
1772 1850 1877 1891 iuris
1903 1850 2072 1891 illicitos
2099 1850 2312 1891 inuadunt
2333 1850 2572 1905 amplexus,
2606 1851 2681 1904 qui
2702 1863 2747 1893 88
2768 1850 2920 1906 lepidis

350 1921 687 1964 affectationibus
720 1922 988 1975 uniuersant,
1022 1921 1096 1975 qui
1128 1920 1355 1962 dissolutos
1388 1921 1749 1974 modulationibus
1777 1921 1959 1976 inhiant,
1992 1922 2084 1975 qui,
2116 1934 2219 1963 uera
2240 1934 2406 1963 morum
2428 1922 2707 1976 generositate
2729 1925 2920 1966 carentes

350 1998 391 2036 et
422 1994 598 2035 honesta
629 1993 840 2048 prosapia,
876 1993 1002 2046 longo
1041 2005 1312 2033 nummorum
1346 1995 1565 2033 stemmate
1597 1993 1849 2046 gloriantur,
1888 1992 2174 2048 Epycur[e]i4,
2214 1993 2289 2046 qui
2319 1992 2551 2033 multorum
2582 1992 2802 2036 facultates
2834 2007 2921 2035 una

349 2065 470 2106 lance
514 2065 807 2118 consumunt5,
852 2063 1118 2119 effeminati9,
1164 2063 1318 2117 quibus
1356 2076 1521 2118 semper
1564 2062 1789 2106 mulieresb
1827 2065 2005 2118 ingratae
2043 2067 2159 2118 sunt,
2207 2064 2283 2118 qui
2327 2064 2618 2106 0110111101111110
2656 2064 2921 2108 deformitate

348 2117 650 2191 grandescunt,
684 2136 758 2189 qui
784 2133 989 2177 uetitumd
1014 2136 1209 2190 pecuniae
1241 2135 1365 2176 fenus
1398 2138 1638 2190 excercent,
1672 2136 1746 2189 qui
1779 2135 2041 2177 uenundati⁶
2063 2138 2163 2177 sunt
2185 2138 2232 2177 ut
2252 2134 2548 2177 maleficiant⁹⁹
2579 2136 2716 2190 etqui
2739 2135 2921 2192 dampna
2984 2176 2986 2178 ,

347 2207 544 2262 pupplica
581 2207 702 2248 malis
741 2206 1018 2261 amplioribus
1057 2210 1308 2261 aggrauant,
1348 2207 1421 2261 qui
1455 2207 1663 2248 1810131118θ
1694 2207 1884 2249 1811181113
1916 2210 2117 2262 querunt,
2156 2207 2228 2261 qui
2259 2219 2500 2248 scurrarum
2531 2207 2705 2261 gremiis
2737 2221 2761 2249 a
2792 2220 2920 2250 cuna-

347 2278 459 2319 bulis
491 2278 831 2334 adoleuer[u]nt⁷
863 2281 903 2319 et
934 2278 1166 2319 multarum
1199 2278 1427 2319 libidinum
1466 2278 1663 2320 sordibus
1698 2276 1980 2333 inplicantur'²
2012 2303 2066 2308 —
2101 2281 2141 2320 et
2172 2277 2330 2319 infiniti
2362 2277 2654 2319 ualitudinum
2685 2291 2920 2322 concursus

347 2349 590 2392 huiusmodi
623 2351 831 2391 uirtutum
870 2350 1061 2390 omnium
1095 2350 1339 2392 ueneranda
1376 2349 1574 2404 praesidia
1606 2350 1736 2391 uariis
1768 2350 2099 2391 infortuniorum
2132 2350 2488 2391 concitationibus
2520 2354 2820 2404 oppresserunt
2852 2375 2919 2404 —,

346 2419 623 2463 transierunti
659 2422 704 2462 in
737 2421 933 2463 affectum
966 2421 1117 2463 cordis.
1181 2425 1253 2470 [17]
1286 2421 1495 2475 Iusticiaa,
1532 2421 1754 2475 fortitudo,
1792 2421 2076 2476 prouidentia,
2114 2422 2392 2476 temperantia
2429 2434 2541 2463 uana
2573 2420 2693 2476 uulgi
2724 2425 2920 2465 cementa

347 2496 457 2534 sunt.
497 2498 570 2543 [18]
603 2492 657 2534 Et
678 2517 735 2523 —
758 2495 781 2535 6
805 2490 987 2547 quantak
1008 2493 1264 2547 malignatus
1286 2496 1349 2534 est
1370 2493 1569 2535 inimicus
1590 2494 1635 2533 in
1657 2494 1820 2534 sancto!
1844 2517 1900 2522 —
1925 2493 2128 2534 uitiorum
2152 2493 2343 2533 omnium
2365 2491 2537 2535 feditate
2560 2484 2784 2547 deformes,
2817 2493 2920 2534 dum

346 2565 596 2618 pecuniama
633 2564 832 2618 habeant,
884 2568 1213 2619 quantacunque
1264 2564 1484 2619 probitatis
1535 2565 1670 2618 gratia
1714 2563 1979 2606 sublimatis8
2022 2565 2067 2605 in
2111 2564 2284 2605 honoris
2328 2564 2537 2618 peticione
2581 2564 2771 2618 praelati⁹
2808 2569 2918 2606 sunt.

346 2634 485 2676 Sobrii
517 2648 654 2677 mores
686 2639 727 2677 et
758 2636 905 2677 diuine
937 2639 1062 2690 atque
1092 2636 1331 2677 inmortalis
1364 2635 1620 2677 substanciae
1652 2636 1811 2677 ueritas
1843 2638 1885 2677 et
1912 2635 2035 2678 beata
2061 2647 2227 2690 semper
2254 2635 2510 2676 innocentiae
2537 2635 2694 2690 palma,
2726 2635 2918 2677 scientiae

346 2706 546 2748 nobilitas
585 2710 626 2749 et
662 2707 916 2762 eloquentiae
954 2707 1155 2762 splendor
1193 2710 1233 2748 et
1270 2706 1494 2749 affluentes
1533 2710 1690 2749 aeterne
1721 2706 2013 2761 181101131[1]810
2044 2709 2218 2747 ornatus
2254 2706 2408 2761 probra
2438 2709 2539 2747 sunt
2569 2705 2844 2760 habentibus,
2881 2706 2918 2748 si

347 2777 622 2832 dampnatum
667 2779 727 2820 eis
771 2779 1029 2833 paupertatis
1073 2791 1181 2819 onus
1224 2778 1453 2819 incumbat.
1528 2782 1600 2827 [19]
1645 2777 1775 2819 Nulla
1819 2778 1979 2819 diuinae
2023 2777 2310 2820 miserationis
2354 2789 2497 2832 opera,
2547 2777 2665 2818 nulla
2708 2777 2917 2818 malorum

346 2848 512 2901 flagella
543 2850 788 2904 respiciunt.
854 2849 938 2892 Ubi
970 2853 1070 2891 sunt
1102 2850 1173 2904 qui
1208 2849 1410 2891 dicuntur
1443 2850 1494 2890 de
1525 2862 1722 2904 supremo
1756 2849 2023 2903 singulorum
2057 2850 2176 2890 exitu
2207 2848 2424 2889 iudicare?
2469 2847 2676 2890 Uidemus
2706 2847 2917 2890 bonorum

348 2921 476 2961 duros
510 2921 667 2974 exitus,
699 2924 929 2963 nocentum
961 2921 1115 2963 felices.
1179 2920 1266 2962 Ubi
1299 2924 1399 2962 sunt
1431 2921 1505 2975 qui
1537 2920 1750 2971 dicebant,
1782 2923 1954 2975 peccata
1985 2919 2135 2961 mundi
2165 2931 2241 2974 per
2273 2919 2361 2961 dies
2394 2919 2585 2974 singulos
2613 2918 2774 2974 [d]iis11
2796 2919 2917 2961 ultri-

347 2991 466 3032 cibus
503 2992 726 3033 nunciari?
788 2992 988 3033 Humano
1033 3005 1181 3033 sumus
1219 2994 1261 3033 et
1301 2992 1447 3033 diuino
1485 2991 1637 3033 iuditio
1675 2991 1981 3046 propemodum
2020 2990 2230 3043 destituti;
2277 2988 2403 3044 penel
2440 2990 2561 3032 effusi
2604 2993 2704 3032 sunt
2746 3002 2917 3045 gressus

348 3063 448 3103 mei!
512 3066 582 3111 [20]
621 3063 743 3103 Addo
782 3066 985 3117 praeterea
1021 3063 1257 3117 malignum
1295 3076 1467 3117 prorsus
1490 3062 1683 3104 inuidiae
1722 3063 1901 3104 liuorem
1939 3065 1981 3103 et
2019 3062 2303 3104 detractorum
2342 3062 2413 3103 uel
2457 3061 2502 3102 id
2545 3074 2680 3116 genus
2725 3060 2916 3103 sordium
2990 3050 2993 3051 ⁷

348 3132 637 3174 detestandam
675 3134 1049 3187 consuetudinem,
1087 3147 1170 3188 quo
1209 3146 1253 3175 se
1291 3133 1640 3189 1111881[1]311111112
1672 3134 1864 3175 omnium
1902 3132 2066 3175 flebiles
2103 3145 2226 3174 casus
2263 3131 2485 3174 indefessis
2522 3131 2916 3174 continuationibus

348 3204 601 3245 transferant
638 3207 678 3245 et
716 3206 852 3246 tocius
889 3205 1148 3247 infelicitatis
1186 3217 1313 3247 onere
1351 3207 1590 3258 cunctaque
1629 3204 1940 3259 dampnationis
1973 3203 2342 3246 animaduersione
2372 3206 2616 3259 grauentur.
2679 3202 2761 3253 Qui
2793 3215 2915 3245 suam

460 3345 491 3389 a)
518 3344 678 3379 Macrob.
698 3344 837 3379 Saturn.
856 3344 894 3379 ΙΙ
917 3344 1004 3388 2,1;
1031 3344 1239 3379 semihiulco
1265 3345 1388 3380 suauio
1415 3343 1583 3389 puellum.
1637 3344 1713 3389 Vyl.
1731 3356 1767 3380 u.
1790 3345 1833 3380 16

463 3403 492 3449 b)
517 3404 585 3448 vql.
612 3403 811 3438 inhaltlieh
837 3403 1042 3448 Auyustin,
1070 3404 1168 3439 Conf.
1186 3404 1243 3439 XI
1260 3404 1305 3439 23
1425 3407 1452 3448 0)
1479 3414 1545 3450 811.,
1572 3404 1637 3448 de.‚
1665 3414 1716 3439 co.
1734 3404 1830 3439 auch
1853 3403 1949 3439 Onut
1973 3403 2039 3439 ΕΙ).
2057 3404 2076 3439 Ι
2096 3404 2139 3440 18
2253 3403 2285 3449 d)
2311 3403 2427 3439 Eecli.
2448 3403 2604 3449 10,14f.

465 3464 491 3507 e)
518 3463 678 3506 Paulus,
705 3463 1026 3507 Τ11110111.1,6,10;
1054 3463 1156 3498 radix
1180 3462 1357 3498 malorum
1384 3464 1439 3498 est
1464 3463 1636 3508 cupiditas

459 3521 491 3567 f)
517 3523 655 3557 bessere
681 3521 850 3558 notabiles
875 3523 960 3557 oder
984 3526 1142 3567 erydnxe
1160 3522 1270 3567 (nack
1293 3522 1417 3558 Cicero
1436 3522 1553 3558 Rabir.
1569 3522 1628 3567 36)
1646 3522 1789 3558 uirtutis
1899 3521 1945 3567 ff)
1972 3522 2040 3568 vyl.
2056 3522 2144 3568 Arq.
2160 3523 2222 3567 263
2249 3522 2313 3557 Hn
2330 3523 2387 3566 61,
2404 3521 2464 3566 183
2489 3521 2583 3556 wohl
2599 3532 2669 3556 aus
2687 3520 2807 3556 Firm.
2823 3519 2913 3556 Mat.

347 3582 454 3616 Math.
473 3582 529 3617 ΙΙΙ
554 3582 587 3622 4,
602 3582 624 3617 6
738 3582 770 3626 9)
796 3593 825 3616 s.
844 3593 875 3617 0.
896 3583 937 3616 11
1039 3582 1088 3627 99)
1114 3581 1140 3615 Ι
1150 3581 1244 3617 Mae.
1262 3583 1293 3626 1,
1310 3582 1353 3617 16
1467 3581 1498 3626 h)
1525 3584 1598 3616 erat
1622 3581 1706 3617 hier
1730 3581 1832 3617 endec
1856 3582 1925 3617 das
1953 3582 2097 3627 Subject
2216 3581 2242 3627 2)
2267 3581 2399 3617 Psalm
2424 3581 2480 3626 72,
2496 3581 2516 3615 7

459 3641 489 3685 k)
516 3641 646 3676 Psalm
672 3641 764 3686 73‚3
886 3640 909 3686 l)
936 3641 1067 3676 Psalm
1092 3641 1149 3686 72,
1165 3641 1186 3675 2

456 3701 489 3743 1)
516 3701 723 3735 meritorum
748 3700 822 3735 Dm
918 3700 955 3744 2)
980 3700 1012 3735 d.
1032 3700 1058 3735 i.
1077 3700 1242 3735 uenereis
1339 3700 1375 3745 3)
1400 3700 1594 3735 nefandum
1620 3699 1693 3734 Dm
1777 3700 1813 3744 4)
1840 3700 1995 3745 Epycuri
2020 3700 2094 3735 Dm
2166 3700 2203 3745 5)
2229 3700 2478 3735 consummunt
2495 3698 2568 3733 Dm
2639 3698 2676 3743 6)
2702 3697 2822 3734 -danti
2841 3696 2913 3732 Dm

349 3747 383 3789 7)
411 3747 503 3780 -rint
528 3748 601 3781 Dm
697 3748 733 3791 8)
755 3747 911 3783 ·mitatis
936 3747 1010 3782 Dm
1017 3759 1029 3789 ;
1055 3748 1123 3792 vyl.
1139 3750 1222 3793 Arg.
1239 3746 1322 3783 10¹²
1386 3747 1422 3793 9)
1451 3747 1644 3782 verbessert
1661 3758 1732 3782 aus
1750 3746 1859 3792 planti
1877 3747 1950 3782 Dm
2050 3747 2107 3790 10)
2126 3750 2203 3783 -tes
2219 3746 2295 3782 Dm
2394 3747 2452 3792 11)
2477 3746 2564 3781 oder
2579 3744 2676 3780 Diris
2694 3744 2720 3780 i.
2735 3755 2763 3780 e.
2778 3743 2912 3788 Furiis3

347 3792 414 3828 aiis
441 3793 512 3827 Dm
611 3795 668 3839 12)
694 3795 903 3830 miserarum
929 3794 1003 3829 Dm
