3126 4264
11 394 25 455 Γ
46 418 98 466 [11
114 420 176 467 84]

12 519 14 523 ,
104 485 176 532 [56]

99 544 176 591 [57]

99 603 176 651 [58]

101 663 176 711 [59]

77 722 174 770 [59σ]

2 828 3 832 ¹
68 782 175 829 [5901]

74 841 175 889 [599]

98 901 176 949 [60]

60 962 177 1071 [[66]

51 1083 176 1190 [[65]

99 1202 174 1250 [69]

8 1262 174 1375 [[[ΗΞ]

101 1379 173 1427 [72]

99 1440 173 1487 [74]

99 1499 172 1547 [75]

97 1559 172 1606 [76]

48 1619 121 1665 [76,
136 1619 173 1666 2]

99 1679 173 1725 [77]

101 1739 174 1784 [78]

101 1798 173 1844 [79]

98 1857 173 1904 [80]

98 1917 172 1964 [82]

99 1977 172 2023 [83]

0 2089 15 2101 ,
41 2036 112 2083 [111
137 2037 173 2083 1]

123 2096 174 2142 [2]

122 2156 173 2201 [3]

121 2215 175 2261 [4]

125 2274 174 2322 [5]

124 2333 174 2380 [6]

123 2393 174 2499 [6]

98 2512 174 2618 [[6]

100 2631 174 2677 [11]

99 2690 175 2736 [12]

100 2750 175 2796 [13]

102 2809 175 2856 [14]

102 2868 175 2914 [16]

102 2927 175 2973 [15]

102 2986 176 3032 [17]

103 3045 176 3091 [18]

103 3104 177 3151 [19]

273 296 318 342 [0.
334 296 442 343 1160]
840 295 1087 334 msrlrnrA
1112 296 1269 335 cmm.
1295 318 1340 325 -
1365 298 1536 346 Anhang:
1562 299 1644 338 ονε
1669 300 1851 339 Rubriken
1873 302 1911 339 11
1927 302 2092 340 54-111
2108 304 2167 341 64.
2697 308 2782 351 617

224 414 291 458 De
312 416 519 460 adulterio
541 429 567 459 a
586 417 680 459 uiro
705 420 954 473 perpetrato·
981 426 1037 463 ιω,
1051 427 1078 463 1]
1098 422 1208 458 Item
1234 423 1284 459 de
1310 423 1470 460 eodem.
1542 424 1597 460 De
1622 425 1759 471 pouice.

224 485 280 521 De
304 487 427 532 aperto
450 486 606 523 murdro.
1543 483 1596 519 De
1621 485 1738 522 indice
1763 485 1823 522 11⁰
1846 486 1966 534 digito.

223 543 280 581 ΒΘ
304 546 426 591 aperta
449 545 671 582 traditionw.
1542 549 1596 586 De
1620 550 1724 586 tertio
1749 551 1869 597 digito.

223 603 280 640 De
304 603 421 651 plegio
445 605 570 641 fracto.
1542 609 1596 644 De
1620 611 1745 655 quarto
1770 610 1919 657 digito.

223 662 279 698 ΒΘ
302 674 424 711 pugna
447 664 485 699 in
509 663 592 700 aula
614 664 710 711 regis
734 664 840 701 facta.
894 670 975 707 [591³]
1007 666 1062 702 ΒΘ
1088 666 1180 703 furto
1205 668 1468 705 animalium.
1542 668 1597 705 ΒΘ
1621 669 1745 714 quinto
1770 670 1918 717 digito.

223 721 279 758 ΒΘ
303 723 609 759 commendatione
632 722 781 760 alicuius
805 723 905 760 reib.
1541 728 1596 763 ΒΘ
1620 728 1691 764 ilio.

222 781 278 818 ΒΘ
301 792 422 828 pugna
444 783 481 818 in
506 781 646 829 placito.
1541 787 1596 823 ΒΘ
1621 788 1767 824 femore.

223 840 278 877 ΒΘ
302 851 423 888 pugna
446 842 483 877 in
506 842 589 878 aula
612 842 762 878 comitis.
1542 847 1596 882 ΒΘ
1620 847 1716 883 tibia.

223 899 279 936 ΒΘ
304 901 547 938 exarmatione
570 901 775 938 alicuius.
1542 906 1597 942 ΒΘ
1621 906 1735 952 primo
1760 895 1869 953 digito
1894 907 1992 952 pedis
2017 908 2101 953 (et⁴
2125 907 2259 953 aliis).

225 959 281 996 ΒΘ
305 970 392 1006 pace
416 960 528 997 fracta
551 961 589 996 in
614 960 717 998 bello.
1542 965 1596 1000 ΒΘ
1621 966 1797 1002 uerendis.

224 1018 281 1055 ΒΘ
304 1019 430 1066 rapina
452 1021 490 1055 et
513 1020 772 1057 combustione.
1541 1024 1598 1061 De
1621 1025 1833 1060 uulneribus
1858 1027 1960 1062 extra
1984 1025 2129 1072 capillos
2154 1028 2189 1062 et
2213 1029 2295 1064 ante
2319 1028 2488 1065 manicas.

224 1077 280 1115 De
303 1077 469 1124 neglectu
493 1079 839 1117 institutionum.
1542 1083 1597 1118 ΒΘ
1620 1083 1789 1119 incisione
1815 1095 1950 1120 renum.

222 1137 279 1173 ΒΘ
303 1140 630 1176 excommunicatis.
693 1145 751 1182 [66]
775 1141 830 1177 ΒΘ
854 1141 923 1178 reb
941 1141 1072 1179 iniuste
1097 1142 1247 1179 habita1.
1542 1142 1597 1178 ΒΘ
1622 1142 1774 1179 uulnere
1799 1143 1834 1178 in
1858 1143 2029 1180 humeris.

222 1197 279 1233 ΒΘ
303 1197 530 1234 alleuiatione
557 1196 672 1250 regis
703 1195 847 1238 Cnuti.
1541 1201 1597 1237 ΒΘ
1621 1201 1816 1238 abscisione
1841 1213 1978 1239 manus.

221 1256 276 1292 ΒΘ
301 1259 400 1293 muto
426 1269 533 1295 casu
556 1259 684 1295 facto.
1541 1261 1598 1296 ΒΘ
1623 1261 1739 1297 costis.

221 1315 276 1352 ΒΘ
300 1315 438 1353 liberali
463 1318 618 1354 homine.
663 1324 763 1361 [71,2]
789 1319 843 1355 ΒΘ
868 1320 1038 1357 mediocri
1061 1321 1215 1358 homine.
1543 1320 1623 1356 Tria
1645 1331 1770 1356 unam
1795 1322 2142 1359 emendationem
2166 1323 2309 1359 habent.

221 1375 277 1411 ΒΘ
300 1378 440 1413 mortuo
464 1388 535 1413 non
560 1377 811 1424 calumpniato.
1543 1379 1596 1415 De
1622 1390 1736 1415 crure.

222 1434 326 1479 Quod
348 1435 479 1472 mulier
501 1447 574 1473 non
598 1440 754 1484 cogatur.
1542 1438 1598 1474 ΒΘ
1626 1439 1790 1484 scapulis.

221 1493 277 1530 De
302 1505 344 1531 eo
369 1496 431 1541 qui
455 1507 538 1532 oum
563 1497 709 1533 alterius
733 1498 842 1534 armis
866 1499 1143 1545 pugnauerit.
1542 1498 1597 1533 De
1621 1499 1743 1533 neruis
1767 1499 1899 1535 incisis.

221 1553 278 1590 De
301 1555 400 1590 furto
425 1555 462 1590 in
487 1556 592 1592 domo
615 1557 773 1594 inuento.
1543 1556 1581 1592 Si
1606 1557 1686 1602 quis
1710 1569 1786 1603 per
1808 1558 1970 1594 uulnus
1994 1559 2130 1595 fuerit
2156 1560 2381 1596 deformatus.

220 1612 276 1649 ΒΘ
299 1613 450 1660 iniqua
473 1616 732 1652 consuetudine
755 1616 913 1654 deleta.
1542 1615 1597 1651 ΒΘ
1621 1618 1732 1652 armis
1755 1618 2062 1654 accomodatis.

220 1671 276 1708 ΒΘ
300 1673 600 1711 formidoloso.
1543 1676 1598 1711 De
1623 1687 1710 1711 cane
1735 1676 1920 1712 rabioso.

220 1731 276 1768 ΒΘ
300 1743 383 1769 ceso
408 1744 483 1779 pro
508 1723 650 1770 domino
674 1735 711 1770 in
735 1734 837 1771 bello.
1542 1735 1598 1770 De
1622 1736 1736 1780 pretio
1761 1735 1932 1771 uillani.

220 1791 276 1827 De
300 1792 504 1829 defensione
528 1795 633 1830 terre.
1542 1795 1597 1830 ΒΘ
1621 1795 1734 1840 pretio
1758 1795 1916 1831 liberalis
1939 1795 2103 1832 hominis.

220 1850 275 1886 De
298 1853 500 1888 uenatione.
1545 1854 1705 1898 Quanti
1729 1855 1865 1890 fuerit
1888 1858 2149 1891 sacramentum
2172 1855 2328 1892 liberalis
2351 1856 2515 1892 heminis.

220 1909 276 1946 De
301 1921 388 1957 paee
412 1911 588 1948 itineris
613 1914 658 1949 ad
684 1913 865 1959 placitum.
1544 1914 1703 1958 Quanti
1728 1915 1867 1951 fuerit
1891 1917 2154 1951 sacramentum
2179 1916 2376 1962 presbiteri.

221 1969 276 2006 De
300 1970 492 2007 uiolatione
516 1971 647 2018 legum.
1542 1974 1599 2010 ΒΘ
1623 1974 1877 2010 consuetudine
1902 1974 2111 2021 Anglorum.

221 2029 278 2065 De
295 2039 396 2068 nam
420 2031 552 2067 iniuste
576 2034 733 2079 accepto.
1542 2033 1597 2069 ΒΘ
1623 2033 1739 2069 exule.

221 2088 277 2126 De
300 2090 473 2126 nomine
498 2091 685 2127 latronum.
1543 2093 1597 2128 De
1621 2092 1769 2129 latrone.

221 2148 276 2184 ΒΘ
300 2149 377 2185 hlot
400 2152 437 2185 et
460 2151 656 2186 exercituo.
810 2167 814 2170 -
1543 2152 1597 2187 De
1621 2152 1814 2188 inuasione.

221 2207 277 2243 ΒΘ
301 2209 463 2245 exercitu
486 2210 602 2246 ducto.
1542 2210 1597 2247 De
1622 2212 1714 2257 regis
1739 2222 1826 2257 pace
1850 2212 1974 2247 fracta.

222 2266 279 2303 De
302 2267 391 2303 hlot.
1544 2269 1664 2313 Quod
1694 2281 1759 2306 rex
1790 2272 1826 2306 et
1856 2271 2042 2316 episcopus
2065 2270 2219 2307 habeant
2242 2272 2523 2308 emendationem
2551 2273 2663 2309 fracte
2689 2274 2786 2319 pacis

222 2326 278 2362 De
303 2327 418 2363 occiso
443 2328 656 2364 radchnihit.
1637 2330 1835 2365 secundum
1860 2329 2053 2375 antiquos.

222 2386 278 2422 De
302 2386 414 2423 libero
439 2387 612 2424 homine
635 2388 938 2434 persoluendo.
1541 2388 1597 2424 ΒΘ
1623 2388 1795 2424 diuisione
1819 2391 2024 2424 terrarum.

222 2445 278 2482 De
301 2446 499 2482 homicidiis
524 2447 609 2493 qui'
631 2447 749 2484 fiunt
773 2458 848 2494 per
872 2447 958 2483 hlot.
1542 2447 1596 2483 De
1621 2448 1767 2493 antiqua
1791 2448 2055 2484 consuetudine.

222 2505 277 2541 De
302 2506 417 2552 capite
442 2507 672 2544 emendando.
1543 2507 1608 2543 Cui
1633 2508 1781 2553 pecunia
1805 2508 2030 2543 emendata
2053 2508 2158 2544 debet.
2182 2508 2286 2544 dari.

222 2565 279 2601 De
303 2566 463 2602 eodem.
1541 2567 1596 2602 De
1621 2567 1876 2602 consuetudine
1900 2567 2018 2602 inter
2040 2578 2162 2613 regem
2186 2569 2223 2603 et
2247 2567 2421 2603 comitem.

223 2624 278 2660 De
302 2636 400 2661 aure.
1308 2667 1312 2670 Δ
1541 2626 1597 2662 ΒΘ
1621 2627 1792 2672 despectu
1816 2626 2072 2672 archiepiscopi
2097 2628 2133 2662 et
2157 2627 2262 2673 regis.

222 2683 278 2720 De
303 2685 418 2721 oculo.
1541 2686 1595 2721 De
1619 2685 1962 2721 rectitudinibus
1987 2686 2143 2731 episcopi
2168 2688 2205 2721 et
2228 2686 2378 2722 comitis.

222 2744 278 2781 De
302 2745 459 2782 maxilla.
799 2776 803 2778 .
1543 2745 1636 2789 Quid
1661 2745 1818 2790 episcopi
1841 2745 1878 2780 in
1903 2745 2181 2781 secularibus
2205 2745 2409 2791 legibus?

222 2803 280 2840 De
304 2815 384 2840 osse
409 2805 562 2841 maxille.
1542 2805 1597 2840 De
1621 2804 1828 2840 monetariis
1852 2806 1888 2840 et
1912 2805 2126 2850 ponderibus
2150 2807 2186 2840 et
2210 2805 2396 2840 mensuris.

223 2863 279 2899 De
305 2863 437 2911 lingua.
1541 2864 1596 2900 ΒΘ
1619 2864 1765 2909 antiqua
1787 2863 1866 2910 lege
1890 2863 2097 2910 Anglorum.

224 2922 280 2958 De
303 2923 484 2970 gurgulo⁸.
1405 2929 1409 2933 ’
1541 2923 1596 2959 ΒΘ
1620 2923 1764 2959 seruitio
1793 2923 1867 2969 regi
1896 2923 2074 2959 fractod.

225 2981 282 3018 ΒΘ
305 2982 467 3019 uulnere.
1541 2983 1596 3018 De
1621 2984 1815 3018 mercatore
1839 2982 2061 3019 honorato.

225 3041 280 3077 De
305 3041 492 3078 brachio.
1541 3042 1595 3078 De
1620 3041 1748 3078 clerico
1777 3042 1827 3078 ad
1850 3042 2055 3078 honorem
2080 3044 2284 3088 promoto.

225 3100 281 3137 ΒΘ
305 3101 465 3138 brachiis.
1061 3120 1064 3122 v
1541 3101 1596 3136 De
1620 3101 1794 3138 solutione
1819 3112 1929 3138 cornu
1953 3102 2057 3138 bouis
2080 3101 2140 3137 uel
2165 3100 2305 3137 caude.⁵

340 3233 373 3277 α)
398 3232 519 3268 besse]-
542 3232 601 3267 als
631 3231 716 3267 Ob’s
747 3231 827 3267 Text
851 3231 1076 3277 detractioni,
1102 3243 1134 3267 0.
1150 3231 1188 3267 S.
1203 3230 1312 3267 349¹⁸
1427 3230 1457 3275 b)
1482 3231 1604 3277 falech
1722 3233 1749 3277 ⁶)
1774 3244 1845 3267 aus
1870 3232 1927 3268 111
1943 3232 1965 3267 2
1991 3232 2077 3267 oder
2101 3232 2124 3266 4
2218 3230 2251 3275 d)
2276 3231 2371 3266 iacto
2394 3230 2528 3266 bessert
2553 3230 2739 3277 Kolderup

337 3292 373 3337 1)
396 3301 457 3327 reo
480 3291 504 3326 i.
522 3290 640 3327 habito
663 3290 805 3336 schliiqt
828 3302 894 3326 vor
916 3290 1102 3337 Kolderup
1227 3290 1263 3335 2)
1288 3301 1328 3325 so
1443 3291 1480 3336 3)
1504 3291 1695 3338 gurgulum
1720 3291 1815 3327 auch
1846 3291 1931 3327 Cb's
1959 3291 2045 3326 Text
2167 3291 2204 3334 4)
2230 3292 2266 3325 et
2290 3300 2321 3325 a.
2345 3301 2410 3326 am
2433 3290 2564 3326 Raude
2594 3290 2781 3326 Gor-rector

228 3340 266 3385 5)
290 3339 351 3375 die
374 3338 554 3384 folqende,
581 3338 699 3382 letxte,
726 3333 870 3374 Rubrik
893 3337 947 3374 De
971 3339 1065 3374 fen-o
1088 3338 1206 3374 iuditii
1226 3337 1352 3383 achim
1375 3348 1465 3374 xum
1490 3339 1622 3374 letxten
1647 3338 1757 3374 Satxe
1780 3339 1845 3374 der
1869 3338 2074 3376 consiliatio
2099 3337 2220 3382 cauti,
2246 3349 2282 3372 u.
2298 3337 2336 3373 S.
2351 3337 2469 3374 61910.

2834 432 2902 479 [111
2926 432 2984 479 20]

2834 492 2908 538 [21]

2834 556 2908 604 [22]

2834 616 2906 662 [23]

2834 675 2910 722 [24]

2834 734 2908 781 [28]

2834 794 2910 840 [28]

2833 853 2907 899 [27]

2834 911 2909 959 [28]

2834 971 2910 1018 [29]

2835 1030 2910 1077 [3ο]

2835 1089 2909 1137 [31]

2835 1149 2911 1195 [32]

2833 1209 2906 1254 [33]

2834 1268 2909 1314 [34]

2834 1327 2907 1373 [35]

2835 1386 2907 1432 [38]

2834 1445 2909 1491 [37]

2835 1504 2908 1550 [38]

2834 1563 2906 1610 [32]

2835 1622 2908 1669 [4ο]

2836 1681 2907 1728 [41]

2835 1740 2907 1787 [42]

2834 1800 2910 1846 [48]

2835 1860 2909 1906 [44]

2836 1919 2911 1965 [45]

2836 1980 2907 2025 [45,
2920 1980 2956 2026 4]

2836 2039 2909 2085 [47]

2836 2098 2907 2144 [48]

2836 2159 2907 2204 [49]

2835 2218 2906 2263 [30]

2835 2277 2906 2323 [51]

2833 2394 2907 2440 [52]

2834 2454 2907 2500 [53]

2833 2513 2907 2560 [54]

2833 2573 2905 2619 [55]

2832 2633 2904 2678 [56]

2832 2692 2906 2738 [57]

2832 2751 2906 2798 [58]

2832 2811 2905 2857 [59]

2831 2870 2904 2916 [60]

2831 2930 2904 2975 [61]

2831 2988 2904 3034 [62]

2831 3048 2902 3094 [63]

2830 3107 2904 3152 [64]
