3126 4264
75 14 77 17 .
107 0 276 30 ’ἱξῑᾞῑρωῖ
299 0 383 18 ,71·“
408 0 458 4 ··’

0 0 30 87 pk.
63 36 66 37 ’
117 29 119 31 ’
429 48 443 58 .

202 275 274 322 [25.
288 275 372 312 nem
387 273 479 311 1027
488 293 532 300 -
541 273 602 320 34]

394 390 706 438 Quadripartitue

213 456 257 497 Si
293 455 384 508 quis
419 453 579 495 altarisl
609 453 837 493 ministrum
873 464 936 492 oe-

153 515 274 566 cidat,
323 514 459 565 utlaga
501 513 556 554 sit
596 524 690 564 erga
725 511 853 552 Deum
897 515 937 551 et

153 575 352 623 homines,
396 573 475 613 nisi
510 573 674 624 dignis
711 571 936 611 satisfac-

153 634 367 674 tionibus
398 643 540 672 ueros
564 631 785 684 penitentie
806 630 935 670 fruc-

153 698 232 733 tus
268 692 492 732 ostendat
534 695 574 731 et
617 702 710 741 erga
753 692 936 741 parentes

153 753 239 792 eius
279 752 479 801 emendet3
530 749 598 790 uel
637 749 861 788 11181-8151182
894 760 936 788 88

152 811 334 862 adlegiet.

212 871 265 911 Et
300 871 403 910 infra
438 869 556 909 XXX
586 872 722 908 noctes
759 868 845 907 hoc
875 867 935 906 in-

153 929 302 982 cipiat⁸
343 929 450 980 apud
491 928 619 968 Deum
668 932 708 967 et
755 927 936 967 homines

154 1001 274 1041 super
303 1000 419 1029 omne
448 988 553 1039 quod
583 987 711 1027 habet.

213 1109 256 1150 Si
287 1109 378 1161 quis
402 1108 607 1148 ordinatus
627 1107 696 1146 uel
715 1106 936 1156 alienigena

154 1169 366 1209 seducatur
390 1167 433 1207 in
459 1167 591 1218 aliquo
612 1166 662 1205 de
681 1158 850 1217 pecunia
869 1165 935 1205 uel

154 1228 252 1278 uita,
284 1227 337 1268 sit
365 1226 429 1267 ei⁴
450 1238 523 1266 rex
554 1237 625 1277 pro
645 1225 876 1276 cognatione
897 1228 937 1264 et

151 1287 359 1336 aduocato,
410 1285 444 1326 si
490 1285 650 1337 penitus
692 1284 815 1324 alium
857 1296 935 1324 non

152 1347 304 1387 habeat.
687 1350 694 1355 ”

213 1465 265 1505 Et
285 1465 519 1505 emendetur
538 1464 640 1514 regi,
662 1463 765 1503 sicut
785 1463 936 1502 iustum

152 1530 231 1574 est,
261 1523 510 1575 aut⁵ipsum
540 1523 620 1573 (uel
650 1521 765 1575 illud)
786 1523 936 1562 factum

153 1585 273 1624 nimis
302 1583 499 1635 profunde
529 1582 717 1622 uindicet.

213 1643 438 1684 Christiano
462 1642 546 1693 regi
566 1643 652 1681 iure
671 1641 861 1693 pertinet,
890 1645 937 1680 ut

151 1704 236 1743 Deo
254 1704 378 1742 factas
393 1702 572 1741 uindicet
592 1701 775 1750 iniurias,
797 1713 936 1741 secun-

152 1763 248 1802 dum
279 1762 385 1814 quod
414 1761 611 1801 acciderit.

212 1881 255 1922 Si
292 1881 382 1933 quis
418 1880 599 1920 minister
636 1879 773 1919 altaris
809 1879 936 1919 homi-

150 1953 243 1982 nem
291 1940 447 1980 occidat
494 1939 589 1979 aut⁶
630 1940 672 1978 in
718 1939 808 1979 aliis
854 1939 936 1992 (uel

151 1999 283 2051 malis)
302 2000 460 2039 actibus
477 1999 623 2050 supra⁷
642 1999 803 2038 modum
821 1999 936 2038 diffe-

150 2059 298 2110 raturss,
323 2059 460 2099 ordine
485 2059 605 2098 simul
630 2061 670 2098 et
693 2058 936 2109 dignitate

151 2119 348 2171 priuetur,
379 2122 420 2158 et
449 2118 739 2170 peregrinetur,
771 2118 875 2158 sicut
898 2117 936 2157 ei

151 2179 280 2231 papa⁹
321 2191 414 2218 suus
456 2178 656 2228 injunget,
706 2181 747 2217 et
757 2177 793 2233 3⁰
835 2189 936 2228 opus

153 2238 336 2278 emendet
367 2238 518 2279 sedulo.

212 2297 310 2338 Etss
330 2298 367 2337 si
397 2309 441 2337 se
471 2309 641 2348 purgare
661 2296 778 2348 uelit,
809 2296 935 2348 tripli-

153 2357 251 2397 citer
279 2357 354 2397 hoc
382 2357 511 2397 faciat.
815 2371 820 2374 ·

212 2416 266 2457 Et
294 2417 420 2456 1118112
445 2415 495 2469 (81
526 2415 620 2468 808)
649 2417 753 2456 infra
763 2416 799 2442 ¹³
818 2416 938 2456 XXX

153 2480 288 2516 noctes
318 2476 394 2516 hoc
422 2476 587 2527 incipiat
617 2488 710 2527 erga
739 2476 867 2515 Deum
897 2479 938 2516 et

153 2535 352 2585 homines,
386 2535 546 2575 extra¹⁴
575 2536 707 2586 legem
736 2536 936 2575 habeatur.

215 2656 259 2696 Si
289 2657 381 2708 quis
411 2656 634 2695 ordinatum
653 2655 828 2707 aliquem
849 2650 937 2695 uer-

153 2716 314 2756 beribus
343 2719 413 2755 aut
442 2715 613 2764 uinculis
645 2715 713 2754 uel
723 2714 759 2741 1⁵
788 2715 938 2766 aliqua-

228 2844 264 2887 1)
281 2854 328 2878 m.
342 2853 372 2878 a.
388 2843 423 2878 R
470 2843 506 2886 2)
520 2842 636 2878 werel.
654 2842 748 2878 Tch
797 2843 833 2885 3)
848 2843 938 2887 -piet

154 2890 219 2927 Hk
301 2892 339 2935 4)
364 2901 430 2926 rex
453 2891 486 2926 ei
510 2890 551 2925 K
628 2892 665 2935 5)
691 2901 722 2926 a.
740 2891 763 2925 i.
781 2890 833 2932 K‚·
860 2902 894 2925 u.
913 2891 936 2925 i.

154 2937 284 2983 iibriqe
356 2939 393 2979 6)
418 2940 481 2973 aut
503 2938 541 2972 in
562 2949 593 2973 a.
611 2938 664 2980 K;
688 2949 725 2973 u.
743 2949 789 2972 m.
807 2938 939 2983 iibri-qe

156 2986 192 3030 7)
217 2986 312 3021 ultra
328 2985 392 3020 Hk
439 2985 476 3029 8)
491 2985 590 3020 ‘sich
606 2985 792 3021 verwirrt'
844 2986 881 3027 9)
907 2996 935 3020 s.

154 3044 189 3078 p.
207 3033 247 3068 K
303 3033 361 3075 10)
386 3032 475 3077 fehlt
493 3033 556 3068 Hk
628 3034 687 3075 11)
712 3044 753 3068 so
770 3033 822 3075 K,·
848 3033 938 3078 fehlt

155 3080 237 3115 abr.
313 3081 371 3123 12)
397 3091 430 3114 n.
456 3079 561 3115 KHn
577 3081 634 3123 66,
648 3080 714 3122 21‚·
741 3081 772 3115 si
797 3092 831 3115 n.
855 3081 935 3116 (ἱὸν.

157 3129 217 3168 13)
234 3127 302 3163 1108
326 3127 349 3162 1.
367 3127 511 3172 triginta
534 3139 568 3162 n.
586 3127 627 3163 K
702 3130 761 3173 14)
786 3128 939 3174 utlaga

156 3175 214 3211 sit
238 3174 303 3210 Hn
376 3176 435 3220 1⁷5)
459 3174 550 3219 fehlt
571 3175 613 3210 K

1222 269 1258 306 11
1283 269 1410 306 CNUT
1440 270 1486 306 39
1513 269 1564 305 bis
1589 268 1646 304 42.

1274 387 1454 425 Instituta
1485 388 1600 425 Gnuti

1105 451 1147 491 Si
1186 451 1276 502 quis
1306 451 1518 503 aliquem
1550 450 1631 491 del
1663 451 1828 491 seruito-

1043 510 1154 550 ribus
1196 510 1332 550 altaris
1380 510 1583 559 occiderit,
1634 510 1686 550 sit
1734 511 1828 550 exul

1045 574 1180 609 contra
1218 569 1374 609 Deum²
1406 574 1446 609 et
1488 573 1623 610 contra
1666 581 1828 610 omnes

1044 629 1241 682 homines,
1274 628 1352 668 nisi
1383 629 1480 680 per⁸
1510 629 1677 668 exilium
1708 628 1828 669 altius

1043 688 1244 737 emendet,
1275 692 1316 728 et
1341 689 1570 739 parentibus
1592 688 1727 740 etiam;
1759 692 1830 728 aut

1043 751 1188 799 purget
1203 759 1247 787 se
1260 748 1505 798 purgatione,
1527 760 1664 800 quam
1683 748 1828 799 Angli

1043 811 1216 847 uocant
1246 808 1460 861 perelade.⁴

1103 866 1155 906 Et
1196 866 1299 906 infra
1342 867 1505 917 triginta
1543 867 1629 907 dies
1665 866 1830 918 incipiat

1044 926 1307 977 penitentiam
1337 930 1378 966 et
1402 926 1715 966 emendationem
1737 938 1828 966 con-

1043 990 1104 1024 tra
1135 985 1263 1024 Deum
1295 989 1335 1025 et
1365 986 1557 1026 homines.

1105 1104 1147 1145 Si
1179 1105 1269 1156 quis
1299 1105 1523 1145 ordinatum
1555 1110 1625 1145 aut
1654 1105 1828 1145 alienum

1044 1176 1116 1216 per
1145 1165 1354 1204 consilium
1386 1177 1502 1204 suum
1532 1165 1698 1216 perdere
1724 1165 1827 1205 iece—

1044 1225 1096 1263 rit
1116 1224 1327 1275 pecuniam
1347 1228 1416 1263 aut
1434 1224 1575 1273 uitam,
1596 1228 1693 1263 tunc
1712 1225 1829 1264 debet

1044 1283 1160 1323 esse⁵
1189 1296 1261 1322 rex
1296 1283 1356 1322 illi
1389 1295 1461 1334 pro
1491 1287 1655 1334 parente
1686 1286 1726 1323 et
1756 1296 1828 1334 pro

1044 1343 1248 1392 domino,
1280 1343 1358 1382 nisi
1388 1343 1511 1381 alium
1542 1343 1695 1382 habeat.

1103 1461 1180 1502 Et⁶
1216 1462 1450 1501 emendetur
1486 1461 1571 1511 regi
1609 1462 1828 1501 secundum

1044 1522 1150 1573 quod
1179 1521 1330 1560 iustum
1359 1525 1437 1568 est,
1469 1525 1538 1561 aut
1561 1521 1648 1572 ipse
1671 1533 1745 1561 rex
1769 1522 1827 1561 di-

1044 1581 1179 1620 stricte
1209 1581 1385 1620 uindicet
1416 1581 1539 1632 quod
1568 1581 1717 1620 factum
1738 1585 1827 1631 est,

1103 1641 1215 1692 quia
1251 1640 1477 1680 Christiano
1519 1640 1603 1691 regi
1644 1641 1828 1680 conuenit

1043 1703 1083 1746 et
1119 1699 1248 1746 decet,
1286 1703 1332 1739 ut
1367 1699 1536 1739 acriter⁷
1566 1700 1743 1739 uindicet
1779 1700 1828 1739 in

1044 1771 1126 1799 808
1157 1759 1238 1810 qui
1268 1759 1403 1809 leges
1436 1759 1510 1798 Dei
1539 1759 1738 1799 uiolant.

1104 1879 1148 1919 Si
1184 1878 1368 1918 minister
1396 1879 1533 1918 altaris
1569 1880 1830 1920 homicidium

1043 1938 1183 1978 fecerit
1218 1941 1288 1977 aut
1323 1938 1483 1990 aliquod
1519 1951 1708 1990 magnum
1746 1952 1829 1980 sce-

1043 1998 1126 2048 lus,
1157 2002 1288 2037 careat
1317 2002 1358 2037 et
1387 1998 1525 2037 ordine
1549 2002 1589 2038 et
1608 1999 1829 2038 liberali-

1043 2057 1170 2097 tate⁸
1206 2057 1303 2097 sua9
1340 2061 1381 2096 et
1417 2058 1538 2096 uadat
1576 2060 1618 2097 in
1650 2058 1828 2108 exilium,

1045 2117 1262 2157 secundum
1294 2117 1399 2168 quod
1411 2117 1447 2142 1⁰
1467 2129 1569 2168 papa
1595 2117 1718 2157 sibill
1738 2131 1829 2158 con-

1045 2177 1226 2217 stituerit.

1105 2296 1253 2345 Quodsi
1298 2309 1469 2348 purgare
1515 2309 1558 2337 se
1567 2297 1604 2323 12
1645 2297 1828 2349 uoluerit,

1044 2356 1238 2407 triplicil3
1268 2360 1564 2396 sacramento
1601 2369 1644 2396 se
1675 2360 1828 2407 purget.

1103 2416 1154 2454 Et
1185 2416 1264 2455 nisi
1284 2416 1387 2455 infra
1407 2416 1570 2466 triginta
1589 2417 1675 2455 dies
1695 2428 1829 2455 emen-

1045 2475 1243 2515 dationem
1273 2475 1467 2526 inceperit
1503 2479 1544 2515 et
1574 2476 1657 2515 Deo
1690 2480 1730 2515 et
1755 2477 1829 2527 ,ho-

1045 2531 1220 2574 minibus
1257 2535 1573 2586 satisfecerit,
1611 2535 1830 2587 expella-

1045 2598 1125 2633 tur
1154 2607 1178 2633 a
1208 2597 1335 2634 terra
1366 2598 1407 2634 et
1438 2595 1490 2633 sit
1521 2595 1624 2634 exul.

1106 2654 1147 2693 Si
1179 2655 1270 2705 quis
1294 2655 1465 2706 aliquem
1489 2656 1711 2694 ordinatum
1731 2656 1830 2705 liga-

1045 2714 1149 2752 uerit
1185 2718 1254 2753 aut
1291 2715 1477 2753 ceciderit
1488 2714 1523 2740 ¹4
1556 2718 1625 2754 aut
1660 2716 1831 2766 turpiter

1143 2843 1178 2888 1)
1195 2854 1268 2879 occ.
1283 2844 1328 2878 de
1344 2854 1371 2878 8.
1387 2855 1416 2879 a.
1437 2843 1488 2879 Cb
1551 2844 1586 2888 2)
1605 2844 1786 2879 dominum
1802 2844 1832 2880 S

1046 2891 1083 2935 3)
1109 2891 1152 2925 al.
1166 2902 1199 2935 p.
1215 2902 1270 2926 ex.
1290 2891 1344 2926 Lb
1415 2892 1452 2936 4)
1475 2892 1572 2926 werl.
1590 2891 1644 2926 Di
1703 2893 1738 2936 5)
1764 2903 1830 2927 rex

1045 2939 1068 2973 i.
1087 2949 1118 2973 e.
1135 2938 1188 2974 Lb
1261 2939 1297 2983 6)
1323 2942 1372 2973 1ιῇ
1397 2939 1503 2973 detur
1518 2939 1612 2974 LbS
1683 2940 1718 2982 7)
1744 2951 1778 2975 u.
1797 2951 1828 2976 a.

1052 2986 1102 3021 Ob
1166 2985 1204 3030 8)
1229 2986 1393 3021 libertate
1424 2986 1535 3022 GbLb
1606 2987 1643 3030 9)
1668 2986 1759 3031 seh-lt
1775 2987 1829 3022 Lb

1034 3034 1107 3079 ·10)
1131 3034 1295 3069 dominus
1319 3034 1401 3079 ἠέρι
1425 3045 1476 3069 κα
1497 3034 1569 3076 Lb,·
1596 3045 1655 3079 qu.
1672 3035 1727 3070 do.
1747 3046 1828 3080 pro-

1046 3083 1146 3127 prius
1170 3092 1198 3116 8.
1219 3082 1249 3117 S
1321 3083 1379 3127 11)
1406 3083 1438 3117 81
1464 3081 1517 3116 Di
1590 3082 1648 3126 12)
1666 3082 1756 3126 fehlt
1778 3082 1828 3119 Cb

1047 3130 1107 3173 13)
1132 3129 1296 3164 iudicio
1321 3129 1388 3165 uel
1415 3129 1498 3174 ἠέρι
1514 3140 1565 3165 xu
1584 3129 1614 3164 S
1680 3130 1738 3174 14)
1765 3130 1827 3165 cic.

1047 3177 1115 3221 Di3
1140 3179 1235 3222 turp.
1253 3177 1287 3212 d.
1305 3179 1368 3213 aut
1392 3189 1421 3213 8.
1446 3178 1497 3214 Ob

2631 272 2712 313 341

2149 387 2371 424 Consiliatio
2403 389 2517 426 Gnuti

1909 457 1966 494 [aa]
1998 450 2040 491 Si
2078 451 2167 502 quis
2203 452 2427 492 ministrum
2464 454 2599 494 alta1is
2629 467 2717 506 per·

1937 510 2076 550 emerit
2087 511 2112 559 ¹,
2163 511 2215 550 sit
2263 511 2332 550 ille
2380 513 2499 552 exlex
2542 518 2582 553 et
2624 526 2717 565 erga

1936 569 2065 609 Deum
2096 573 2137 609 et
2167 582 2259 620 erga
2291 571 2485 621 homines,
2523 573 2601 612 nisi
2631 573 2718 625 ipse

1936 640 2016 668 non
2048 629 2177 668 solum
2210 642 2309 680 uago
2339 631 2458 670 exilio
2489 632 2606 682 plene
2637 633 2718 672 de-

1937 687 2106 727 lictum
2143 690 2427 739 correxerit,
2466 696 2526 730 set
2557 696 2597 730 et
2627 704 2717 742 cog-

1937 748 2091 787 nacioni
2113 747 2347 788 satisfecerit
2355 763 2364 800 ;
2397 754 2466 789 aut
2486 751 2718 801 purgamine

1936 807 2045 846 uirili
2077 819 2120 847 se
2150 812 2303 858 purget.

1867 874 1964 910 [381]
1997 866 2312 907 Satisfactionem
2354 871 2487 907 autem
2530 869 2720 920 suscipiat

1936 926 2041 965 infra
2077 926 2196 965 XXX
2226 927 2311 966 dies
2348 931 2428 966 tam
2466 940 2559 978 erga
2591 929 2718 968 Deum

1937 998 2055 1036 quam
2094 998 2186 1036 erga
2222 986 2402 1026 homines
2439 999 2559 1038 supra
2589 988 2719 1027 omnia

1937 1057 2016 1096 que
2046 1046 2173 1085 sunt.2

1909 1112 1966 1149 [40]
1998 1104 2041 1144 Si
2071 1105 2162 1156 quis
2193 1106 2415 1145 ordinatum
2445 1110 2514 1146 aut
2533 1106 2718 1157 alienige-

1936 1176 2028 1203 nam
2071 1168 2160 1204 utro
2202 1166 2339 1205 leserit
2388 1166 2610 1205 substantia
2651 1171 2720 1206 aut

1935 1224 2036 1274 uita,
2074 1229 2171 1264 tunc
2207 1225 2324 1265 debet
2359 1237 2432 1265 rex
2462 1225 2498 1264 81
2530 1237 2619 1265 8888
2649 1239 2719 1276 pro

1936 1287 2101 1333 cognato
2139 1287 2179 1324 et
2214 1286 2503 1337 propinquo,
2540 1285 2617 1324 nisi
2650 1285 2719 1325 ille

1936 1342 2057 1382 alium
2090 1344 2241 1384 habeat.

1867 1470 1967 1507 [40,1]
1997 1463 2177 1515 Regique
2198 1465 2427 1515 satisfaciat,
2459 1469 2528 1505 aut
2547 1466 2633 1517 ipse
2653 1466 2719 1505 de-

1935 1523 2077 1562 lictum
2107 1524 2251 1563 acriter
2279 1525 2474 1565 uindicet:

1866 1648 1924 1685 [40,
1938 1649 1967 1685 2]
1995 1641 2262 1681 Christianum
2274 1655 2408 1693 regem
2422 1647 2574 1695 oportet
2586 1644 2719 1684 iustis-

1938 1701 2038 1740 sime
2059 1701 2135 1740 Dei
2167 1702 2423 1742 offensionem
2455 1703 2594 1742 ulcisci
2614 1717 2720 1743 acer-

1936 1760 2037 1800 rime
2065 1761 2178 1799 iuxta
2208 1761 2345 1801 delicti
2376 1763 2672 1814 qualitatem.

1909 1886 1966 1923 [41]
1999 1879 2041 1919 Si
2078 1880 2261 1919 minister
2296 1881 2431 1920 altaris
2463 1882 2720 1921 homicidium

1937 1942 2006 1978 aut
2042 1939 2151 1978 aliud
2182 1940 2386 1980 criminale
2415 1945 2622 1991 peccatum
2653 1954 2720 1992 pa-

1936 1996 2135 2052 t[ra]uerit
2145 1999 2171 2050 ³,
2221 2004 2352 2039 careat
2392 2004 2474 2039 tam
2517 2001 2721 2041 ordinibus

1937 2070 2058 2109 quam
2088 2059 2328 2109 dignitate
2350 2060 2617 2111 delictumque
2639 2073 2720 2100 cor-

1935 2118 2040 2167 rigat
2076 2130 2178 2168 uago
2215 2118 2352 2168 exilio,
2397 2119 2499 2159 sicut
2541 2120 2579 2159 ei
2617 2133 2721 2171 papa

1937 2177 2170 2218 decreuerit.

1866 2303 1967 2340 [41‚1]
2000 2295 2149 2345 Quodsi
2180 2296 2392 2352 in[fi]cias4
2415 2304 2542 2350 geret,
2573 2300 2719 2351 triplici

1936 2358 2223 2408 purgamine
2255 2370 2298 2397 88
2329 2363 2480 2409 purget.

1868 2423 1923 2459 [41,
1937 2424 1967 2460 2]
1999 2416 2051 2455 Et
2086 2417 2163 2456 nisi
2200 2417 2303 2456 infra
2339 2418 2458 2457 XXX
2488 2418 2574 2458 dies
2605 2419 2719 2458 satis-

1937 2475 2149 2516 factionem
2179 2477 2387 2527 inceperit,
2419 2477 2471 2516 sit
2499 2478 2618 2517 exlex
2638 2482 2719 2517 tam

1937 2548 2030 2587 erga
2060 2536 2189 2575 Deum
2220 2549 2339 2587 quam
2370 2541 2466 2588 aput
2498 2537 2686 2577 homines.

1912 2663 1966 2699 [42]
2000 2655 2042 2695 Si
2064 2657 2155 2707 quis
2176 2658 2396 2696 ordinatum
2418 2658 2515 2708 liget
2535 2662 2603 2697 aut
2617 2657 2719 2712 [uer-

1903 2718 1906 2720 ’
1937 2713 2094 2769 ber]et⁵
2112 2719 2181 2755 aut
2206 2717 2340 2756 nimiis
2366 2718 2614 2757 contumeliis
2634 2719 2720 2757 affi-

2035 2845 2069 2888 1)
2096 2845 2220 2890 pel-im.
2247 2845 2299 2880 sic
2324 2846 2345 2880 i.
2373 2845 2431 2880 Ην
2521 2846 2556 2890 2)
2583 2845 2719 2880 haesere

1937 2903 2008 2927 aus
2022 2892 2094 2928 25a
2107 2892 2213 2928 habet
2226 2893 2312 2928 oder
2324 2897 2479 2937 eryiinxe
2492 2903 2558 2928 sua
2606 2894 2642 2937 3)
2657 2904 2718 2937 pa-

1937 2940 2045 2974 tuerit
2062 2940 2120 2974 Hr
2167 2942 2205 2985 4)
2223 2941 2429 2975 inimicicias
2442 2941 2518 2983 Hr‚·
2541 2940 2720 2986 yebessert

1937 2998 2007 3022 aus
2032 2989 2090 3033 44,
2107 2989 2124 3022 1
2200 2990 2236 3034 5)
2262 2988 2394 3023 mulcet
2418 2988 2484 3023 Ην

1086 3318 1089 3320 ,
2748 3303 2886 3333 ῑἯιΑιν.
2899 3305 2935 3333 35

216 3345 287 3392 40,
301 3345 339 3383 2.
389 3351 491 3380 Einem
509 3351 696 3380 christlichen
716 3344 870 3395 Kfinig‘
881 3345 897 3370 1
915 3353 1039 3388 goziomt
1057 3354 1125 3382 sehr
1142 3354 1196 3382 mit
1212 3354 1324 3390 Recht,
1344 3356 1411 3383 dass
1430 3364 1462 3383 er
1482 3355 1673 3391 Belaidigung
1690 3363 1782 3391 gagen
1802 3356 1874 3384 Gott
1892 3356 1958 3384 sehr
1975 3356 2074 3383 hoch*
2093 3356 2201 3391 strate,
2218 3355 2272 3391 je*
2290 3355 2430 3383 nachdem
2449 3356 2495 3383 die
2513 3355 2590 3383 ‘that
2607 3356 2656 3383 ist.
2743 3346 2822 3374 ’ὠά
2839 3347 2876 3374 34

217 3405 286 3443 41.
332 3403 437 3455 (Von
462 3403 685 3454 geweihten
706 3403 909 3444 Mannern.
941 3403 999 3456 B)
1029 3406 1155 3442 wennl
1175 3414 1223 3442 ein
1245 3406 1521 3446 Altardiener2
1541 3415 1748 3449 Todtschlager
1765 3415 1837 3443 wira
1862 3415 1931 3443 odor
1949 3418 2030 3443 sonst
2047 3424 2083 3443 zu
2101 3423 2152 3450 arg
2169 3415 2321 3443 russeum
2338 3415 2444 3443 verflbt
2453 3407 2479 3455 ³,
2501 3415 2577 3442 daun
2596 3414 2717 3442 vetuere
2741 3405 2798 3433 obd-
2812 3406 2848 3434 26

157 3478 189 3499 81·
206 3471 323 3506 beides,
345 3470 456 3499 sowohl
473 3470 646 3505 goistliohon
665 3470 742 3498 Grad
759 3470 816 3499 wie
839 3463 983 3503 Heim4
1008 3464 1167 3516 [sammt
1194 3466 1481 3516 bl‘irgerlichem
1509 3463 1637 3520 Rang]
1663 3475 1722 3503 und
1740 3474 1851 3511 pilgero
1869 3474 1953 3503 elend
1971 3475 2127 3509 verbannt,
2149 3482 2181 3503 so
2199 3475 2272 3514 weit¹
2292 3475 2347 3502 wie
2366 3465 2442 3502 dei-5
2459 3466 2573 3510 Papstfi
2591 3474 2648 3500 ihm
2668 3481 2717 3500 zur

155 3529 328 3559 Absolution
347 3529 516 3564 auferlogen
533 3530 621 3566 vird,
639 3530 700 3558 und
716 3530 789 3558 thue
806 3530 890 3566 ein-lg
906 3531 1059 3566 geist-licha
1076 3532 1181 3561 Busse.

216 3582 286 3631 41,
303 3583 339 3621 1,
385 3589 485 3617 wenn
502 3596 535 3617 er
552 3588 616 3617 sich
630 3589 735 3625 judoch
753 3589 815 3618 rein
833 3589 982 3619 solmam
999 3590 1075 3626 viu,
1100 3592 1212 3627 remigo
1230 3599 1262 3620 er
1281 3591 1343 3620 sich
1361 3593 1416 3620 mit
1433 3593 1609 3621 dromonem
1630 3593 1771 3628 [Beveise
1779 3585 1816 3629 1].
2738 3591 2798 3621 aba.
2810 3594 2857 3629 2⁷,
2871 3594 2889 3622 1

217 3642 287 3690 41,
302 3641 339 3680 2.
385 3640 500 3679 Undl
516 3652 634 3680 wenn
654 3652 698 3680 er
716 3640 829 3680 nicht
847 3641 995 3681 binnen
1013 3643 1068 3682 30
1085 3642 1266 3683 Nachten
1282 3643 1411 3683 Busse
1431 3645 1684 3694 gegem'iber2
1699 3644 1846 3684 Kirche
1867 3645 1948 3684 und
1966 3645 2074 3685 Staat
2090 3645 2268 3695 beginnt,
2290 3645 2394 3683 dann
2412 3644 2468 3684 sei
2485 3656 2527 3683 er
2542 3644 2714 3683 friedlos.
2745 3653 2933 3690 Vy1.0.39,1

216 3700 286 3740 42.
333 3699 450 3753 (Dass
479 3711 574 3739 man
603 3699 719 3739 einen
749 3699 974 3750 geweihten
997 3700 1119 3740 Manu
1150 3699 1314 3756 [weder]
1346 3702 1464 3742 binde
1495 3703 1597 3742 noch
1618 3702 1788 3754 schlage.
1820 3703 1876 3756 B)
1920 3712 2018 3749 wana
2039 3704 2147 3743 einer
2164 3712 2249 3740 einen
2267 3703 2457 3746 geweihten²
2476 3703 2597 3742 Mann
2615 3711 2716 3739 bindet
2745 3713 2884 3743 van.
2898 3714 2935 3743 88

157 3767 227 3796 oder
244 3766 359 3803 scmngt
376 3767 445 3795 oder
469 3771 541 3810 arg
565 3766 758 3803 boschimpft,
777 3766 866 3796 basse
883 3774 916 3796 er
933 3766 993 3796 mm
1019 3761 1263 3811 gegeniiber‚
1294 3761 1372 3802 wie
1402 3773 1445 3801 es
1474 3762 1619 3813 richtig
1649 3762 1719 3811 ist,
1757 3762 1839 3801 und
1870 3762 1959 3803 dem
1990 3762 2176 3803 Bischofe
2206 3762 2463 3803 Altarbusse⁸
2492 3763 2594 3802 nach
2625 3762 2715 3802 dem
