3126 4264
227 356 298 403 [25.
312 355 398 392 Dee.
414 355 504 392 1027
514 374 559 382 -—
567 354 629 401 34]

420 472 732 519 Quadripartitus

178 539 296 578 nibus
347 540 387 577 et
442 535 638 587 exemplis
687 534 763 574 Dei
820 534 964 574 debent

178 597 398 696 anelat-oria
453 595 668 644 declarare,
725 597 836 634 curet
894 593 961 645 qui

286 687 296 707 7

237 786 331 838 quia
374 796 676 837 superuacue
718 787 853 835 pastor
890 786 963 831 est,

178 846 247 897 qui
278 845 489 885 commisso
520 844 596 883 sibi
626 843 738 894 gregi
768 854 847 882 non
873 842 964 881 uult

178 905 318 945 saltem
336 905 506 944 clamore
525 915 772 953 succurrere,
795 902 829 941 si
849 901 963 953 quid

177 965 213 1005 ei
244 968 393 1004 noceat.

236 1271 326 1311 Non
357 1275 419 1311 est
447 1271 592 1323 aliquis
622 1274 704 1310 tam
725 1282 874 1310 nocens
894 1270 962 1310 ad-

177 1332 379 1371 uersarius
403 1331 511 1370 sicut
534 1334 740 1370 accusator
768 1329 963 1369 humani

176 1390 371 1442 generis
439 1390 644 1440 inimicus,

177 1462 332 1501 semper
361 1449 637 1490 uisceribus
666 1449 813 1499 inhiat,
844 1449 962 1488 totis

175 1513 307 1549 estuat
337 1509 620 1558 desideriis,
652 1508 846 1560 quomodo
872 1508 962 1559 plu-

176 1581 240 1608 res
282 1569 433 1608 animas
475 1569 728 1620 pertrahat
763 1568 811 1606 in
849 1567 983 1618 sup-'

175 1628 389 1680 plicium.

236 1699 297 1740 Sit
325 1700 462 1751 itaque
490 1698 715 1751 pastomm¹
741 1697 962 1738 sollertia

175 1759 347 1810 peruigil
371 1764 412 1799 et
431 1762 580 1798 attente
601 1757 864 1810 proclamans,
892 1757 961 1809 qui

175 1823 311 1858 contra
371 1818 659 1869 spirituales
715 1817 961 1868 nequitias

174 1878 343 1918 debent²
396 1877 543 1929 populo
598 1877 825 1928 prouidere:
890 1875 960 1927 qui

175 1949 271 1977 sane
321 1941 416 1977 sunt
459 1936 636 1988 episcopi
646 1936 674 1986 ³,
726 1936 959 1982 sacerdotes,

174 1997 244 2048 qui
274 2009 436 2048 gregem
466 1996 626 2036 Domini
658 1995 862 2035 doctrina4
891 1995 959 2034 de·

174 2057 270 2096 bent
296 2055 493 2108 sapienti⁵
513 2055 712 2095 custodire
738 2054 805 2094 et⁶
824 2055 959 2094 defen-

155 2116 294 2166 dere,
323 2115 400 2155 ne⁷
427 2115 637 2155 diabolica
666 2115 840 2154 uesania
870 2114 960 2153 uul-

174 2179 287 2215 neret
314 2176 383 2215 uel
413 2175 576 2215 occidat.

235 2350 288 2406 Et
323 2366 391 2418 qui
429 2365 506 2405 Dei
547 2365 765 2417 preceptis
803 2364 961 2404 obedire

175 2426 412 2482 neglexerit,
461 2426 536 2465 hoc
585 2425 705 2465 cum8
746 2425 834 2476 ipso
877 2424 960 2464 Deo

175 2497 383 2525 commune
412 2486 566 2542 habeat.

272 2922 307 2966 1)
331 2923 452 2967 pastor
470 2921 566 2957 THk
637 2921 674 2967 2)
699 2921 805 2957 debet
823 2921 959 2957 TRHIc

175 2969 211 3010 3)
237 2971 274 3004 et
296 2967 379 3014 st‘iqt
398 2979 450 3004 κα
467 2968 530 3004 Hk
601 2969 639 3014 4)
664 2979 713 3005 sa.
732 2969 786 3004 do.
805 2969 960 3015 (decima

181 3016 243 3061 Co)
268 3026 324 3051 cu.
343 3016 397 3052 de.
415 3026 457 3052 ac
482 3017 552 3052 def,
570 3016 677 3052 Lond
754 3018 792 3062 5)
816 3017 957 3062 sapien-

174 3067 230 3099 ter
252 3063 290 3099 R
361 3064 397 3108 6)
421 3063 511 3108 fehlt
536 3063 567 3099 Τ
633 3065 669 3109 ’7)
694 3075 776 3099 eum
799 3063 884 3110 filqt
906 3075 958 3100 κα

175 3110 283 3146 Lond
352 3111 390 3156 8)
415 3121 505 3147 com.
524 3122 607 3147 cum
632 3111 655 3147 i.
672 3111 750 3147 Deo
774 3111 882 3147 Lond

712 1389 780 1441 qui
843 1389 962 1429 totis
1014 1416 1017 1420 -

1209 353 1226 388 I
1255 352 1382 389 CNUT
1412 353 1501 397 26,1
1531 353 1583 389 bis
1608 353 1718 389 Ende.

1287 470 1510 507 Consiliatio
1542 471 1656 507 Cmcti

1072 546 1163 574 cum
1208 546 1362 574 summa
1405 534 1617 584 diligencia
1653 533 1857 584 predicare

1071 598 1111 633 et
1154 593 1448 644 exemplificare
1491 593 1696 645 spirituale
1739 593 1857 644 profi-

1072 665 1208 703 cuum,
1240 653 1424 692 obseruet
1454 652 1522 704 qui
1554 652 1664 692 uelit.

1131 783 1284 822 Debilis
1305 795 1475 834 namque
1496 782 1695 822 nimium
1723 786 1857 822 custos

1071 843 1158 894 ipse
1202 843 1252 881 ad
1288 843 1507 882 custodiam
1551 842 1740 882 inuentus
1783 846 1856 891 est,

1072 902 1140 953 qui
1178 901 1397 941 custodiam
1440 902 1504 941 cui
1548 905 1682 952 preest
1724 901 1871 941 saltim·

1071 974 1124 1001 ex
1166 961 1478 1012 preclamacione
1523 961 1736 1000 defendere
1778 973 1854 999 non

1071 1021 1176 1071 uult,
1198 1021 1276 1060 nisi
1296 1021 1412 1060 aliter
1433 1024 1568 1072 queat,
1590 1021 1625 1060 si
1646 1020 1737 1071 quis
1756 1020 1856 1059 latro

1070 1080 1293 1120 latrocinari
1324 1081 1474 1131 incipit.

1132 1270 1238 1311 Setl
1276 1270 1412 1309 nullus
1454 1270 1554 1308 latro
1593 1274 1673 1309 tam
1710 1281 1856 1309 nocens

1070 1335 1117 1376 ut
1146 1329 1344 1380 diabolus,
1376 1329 1444 1380 qui
1472 1341 1632 1380 semper
1657 1329 1762 1367 circa
1782 1329 1857 1368 hoc

1072 1389 1233 1440 satagit,
1270 1388 1440 1440 qualiter
1475 1388 1517 1426 in
1549 1388 1755 1427 animabus
1786 1388 1856 1427 ho-

1070 1450 1223 1487 minum
1260 1449 1433 1487 maxime
1463 1447 1687 1487 latrocinari
1718 1448 1855 1498 possit.

1130 1696 1293 1748 Oportet
1342 1685 1475 1749 itadue
1526 1698 1712 1737 custodes
1767 1709 1856 1737 esse

1069 1758 1287 1808 peruigiles
1317 1757 1608 1808 diligenterque
1634 1757 1855 1796 uociferan-

1069 1820 1148 1867 tes,
1180 1817 1248 1868 qui
1278 1817 1472 1856 aduersus
1503 1817 1709 1868 puplicum
1736 1817 1855 1856 latro-

1068 1889 1161 1915 nem
1203 1875 1395 1928 populum
1438 1880 1646 1926 protegere
1694 1876 1854 1915 debent:

1068 1936 1125 1974 hii
1153 1939 1249 1975 sunt
1268 1936 1444 1987 episcopi
1466 1939 1507 1975 et
1526 1935 1753 1986 presbiteri,
1785 1936 1856 1986 qui

1068 1995 1243 2034 diuinam
1275 1995 1492 2034 custodiam
1524 1995 1761 2046 patrocinari
1792 2001 1854 2034 tu-

1068 2055 1223 2106 tarique
1260 2055 1404 2094 debent
1434 2054 1680 2105 sapientibus
1711 2055 1855 2094 doctri-

1068 2115 1149 2165 nis,
1180 2126 1231 2154 ne
1259 2115 1361 2154 forte
1390 2114 1460 2153 ille
1487 2114 1694 2154 dementer
1713 2114 1855 2153 auidus

1067 2174 1252 2224 uirlupus
1296 2186 1414 2224 supra
1457 2174 1616 2213 modum
1659 2186 1683 2212 a
1719 2173 1856 2215 diuina

1069 2233 1247 2272 custodia
1284 2234 1514 2284 dirripiat
1551 2237 1598 2271 et
1634 2233 1854 2273 mortificet.

1129 2363 1377 2416 Quicumque
1420 2368 1554 2403 autem
1592 2362 1854 2419 [de]dignabi-

1067 2425 1159 2462 tur2
1188 2424 1264 2463 Dei
1297 2424 1443 2463 nuncio
1473 2423 1675 2473 obaudire,
1712 2424 1855 2463 habeat

1067 2484 1143 2523 hoc
1173 2484 1380 2523 commune
1410 2496 1503 2522 cum
1532 2483 1619 2534 ipso
1650 2483 1752 2523 Deo!
1778 2526 1780 2528 ,

1127 2617 1187 2655 Sit
1217 2627 1355 2654 nomeu
1384 2617 1457 2653 Dei
1490 2626 1642 2662 semper
1675 2616 1853 2653 benedic-

1067 2679 1173 2724 tum,
1204 2677 1267 2714 cui
1296 2677 1403 2724 laum,
1435 2677 1560 2720 gloria
1589 2677 1630 2712 et
1660 2676 1782 2712 honor
1813 2676 1853 2711 in

1019 2729 1022 2747 ³
1068 2739 1204 2774 eterna
1228 2736 1377 2774 secula!
1426 2735 1562 2781 Amen.

1166 2923 1200 2967 1)
1226 2921 1364 2957 bessere
1388 2920 1467 2957 est?
1539 2920 1576 2966 2)
1602 2920 1773 2966 dign.‘Hr

2662 357 2744 399 307

1966 532 2118 583 (Gottes
2139 534 2314 573 Lehrer²
2328 535 2382 585 Β)
2408 535 2515 573 und³
2537 535 2593 574 sie
2621 535 2748 575 sollen

1965 593 2126 632 kssnden
2158 593 2239 631 und
2271 594 2395 633 durch
2420 594 2593 645 Beispiel
2621 600 2748 634 ernst-

1965 652 2045 691 lich
2077 652 2281 703 dai-legen,
2319 665 2402 692 was
2435 654 2620 703 geistlich
2651 655 2748 693 noth

1965 712 2073 762 thut3
2105 712 2219 751 achte
2252 710 2444 766 [dessen]‚
2475 725 2558 751 wer
2589 714 2684 753 will.

2027 783 2178 831 26,1.1
2207 805 2209 807 ·
2241 783 2356 822 Denn
2400 784 2610 823 schwach²
2648 786 2749 824 wird

1961 842 2074 892 jener
2093 842 2184 881 Hirt
2208 842 2274 881 fiir
2301 843 2408 881 seine
2429 843 2588 882 Herde3
2608 844 2748 883 besun-

1965 901 2060 949 den,
2091 901 2162 940 der
2191 913 2235 940 es
2256 902 2489 950 unterliisst,
2521 903 2586 941 die
2606 903 2750 952 Herde,

1964 960 2029 999 die
2060 972 2104 999 er
2133 961 2257 1000 hiiten
2289 961 2364 1000 soll
2397 985 2451 990 -—
2483 974 2599 1001 wenn
2631 975 2674 1001 er
2704 975 2749 1002 es

1963 1021 2036 1059 auf
2053 1020 2198 1059 andere
2221 1018 2428 1074 [starkere]
2446 1023 2519 1059 Art
2535 1022 2647 1060 nicht
2662 1035 2748 1061 ver-

1964 1080 2079 1130 mag4
2093 1101 2161 1129 —,
2183 1080 2307 1119 durch
2329 1079 2456 1118 Zuruf
2475 1093 2524 1119 zu
2546 1081 2749 1130 schiitzen,

1963 1138 2055 1178 falls
2077 1139 2127 1178 da
2147 1139 2287 1189 irgend
2308 1139 2374 1178 ein
2393 1139 2750 1191 Volksschadiger⁵

1966 1195 2181 1252 [Erzfeind]
2215 1211 2279 1242 zu¹
2295 1199 2469 1238 schaden
2501 1199 2673 1250 beginnt.

2026 1271 2093 1319 26,
2110 1271 2146 1309 2.
2180 1269 2234 1310 E’s
2252 1270 2335 1309 lebt
2353 1271 2445 1309 kein
2465 1282 2508 1309 so
2521 1271 2750 1310 schlimmer

1965 1329 2202 1378 Verderber,
2240 1330 2318 1368 wie
2349 1329 2419 1369 der
2450 1327 2591 1369 Teuffel
2623 1331 2748 1369 selbst

1964 1389 2035 1427 ist:
2079 1401 2123 1428 er
2164 1389 2217 1428 ist
2260 1389 2400 1428 immer
2426 1401 2510 1428 ·um
2547 1389 2617 1428 das
2647 1390 2749 1429 Eine

1963 1449 2143 1497 bemiiht,
2181 1449 2258 1487 wie
2295 1460 2338 1486 er
2368 1452 2484 1487 unter
2514 1449 2748 1488 Menschen-

1965 1507 2096 1546 seelen
2128 1507 2359 1558 (Mense-hen
2389 1508 2466 1546 (len
2494 1508 2634 1548 Seelen
2655 1508 2748 1560 ΒΑ)

1963 1579 2027 1605 am
2058 1567 2227 1606 meisten
2259 1567 2430 1606 sch‘aden
2462 1568 2602 1606 kenne.

2026 1698 2094 1746 26,
2110 1699 2147 1737 3.
2210 1697 2270 1736 Da
2299 1698 2488 1737 miissenl
2517 1698 2581 1737 die
2608 1699 2747 1738 Hirte'n

1963 1757 2108 1796 hochst
2145 1758 2343 1796 wachsam
2384 1757 2470 1796 sein
2512 1758 2594 1796 und
2631 1758 2750 1809 eifrig

1965 1816 2176 1865 zurufend,
2214 1817 2278 1856 die
2310 1817 2381 1856 das
2411 1816 2517 1855 Volk
2548 1818 2746 1856 schirmen

1965 1875 2116 1914 sollenl
2141 1888 2268 1926 gegen
2299 1877 2376 1914 den
2397 1876 2747 1927 Volksschadiger,

1963 1935 2139 1974 namlich
2188 1935 2374 1976 Bischofe
2429 1936 2512 1974 und
2562 1936 2748 1986 Priester,

1963 1995 2117 2034 welche
2137 1995 2202 2034 die
2222 1995 2428 2045 geistliche
2441 1995 2573 2034 Herde
2591 1997 2747 2036 bewah-

1963 2066 2034 2093 ren
2071 2055 2154 2093 und
2186 2055 2425 2094 beschiitzen
2459 2055 2585 2094 sollen
2621 2055 2747 2094 durch

1962 2114 2085 2153 weise
2106 2114 2279 2164 Lehren,
2311 2114 2436 2153 damit
2465 2114 2535 2153 der
2555 2115 2747 2154 wiithend

1962 2173 2110 2223 gierige
2125 2173 2342 2212 Werwols2
2361 2186 2410 2212 zu
2429 2174 2524 2213 sehr
2541 2174 2653 2213 nicht
2666 2187 2746 2213 zer-

1962 2233 2125 2272 fleische
2135 2233 2162 2282 3,
2182 2234 2284 2272 noch
2301 2246 2350 2271 zu
2362 2233 2465 2272 viele
2476 2234 2747 2284 verschlinge4

1961 2305 2038 2331 von
2060 2293 2132 2331 der
2150 2293 2387 2343 geistlichen
2407 2293 2548 2331 Herde.

2024 2365 2157 2413 26,4.
2218 2364 2336 2403 Undl
2373 2376 2456 2403 wer
2495 2365 2568 2402 auf
2608 2364 2747 2404 Gottes

1961 2424 2115 2463 Boten2
2136 2436 2186 2462 zu
2207 2424 2329 2462 horen
2352 2424 2620 2473 verschmiiht,
2646 2424 2746 2463 habe

1962 2483 2044 2532 das,
2083 2496 2131 2522 zu
2171 2483 2497 2522 sverantwortenss
2538 2483 2603 2522 bei
2653 2483 2747 2522 Gott

1963 2543 2103 2582 selbst!

2022 2614 2213 2664 (Epil09.1
2232 2614 2382 2653 Immer
2398 2613 2455 2653 sei
2469 2613 2608 2654 Gottes
2621 2613 2746 2655 Name

1961 2674 2148 2724 ewiglich
2163 2677 2353 2724 gesegnet
2370 2674 2452 2712 und
2464 2673 2547 2712 Lob
2560 2674 2642 2712 ihm
2663 2674 2745 2712 und

1962 2733 2093 2772 Ruhm
2125 2733 2208 2772 und
2240 2733 2346 2772 Ehre
2383 2736 2481 2772 stets
2515 2733 2672 2772 hinfiiro
2702 2733 2744 2771 in

1961 2793 2204 2844 Ewigkeit!²
2234 2795 2374 2832 Amen.
2411 2794 2625 2845 BConsil.)
